日期时间,代码,中文名称,英文名称,交易类型,最新价,涨跌额,涨跌幅,昨收,今开,最高,最低,成交量,成交额,买一,卖一
2026/02/06 16:08:06,00001,长和,CKH HOLDINGS,,64.4,-1.35,-2.05323,65.75,65.2,65.35,64.25,7751115,500833500,64.4,64.45
2026/02/06 16:08:06,00002,中电控股,CLP HOLDINGS,,75.6,-0.2,-0.26385,75.8,75.45,75.7,75.0,3234680,243774779,75.55,75.6
2026/02/06 16:08:06,00003,香港中华煤气,HK & CHINA GAS,,7.56,-0.08,-1.04712,7.64,7.61,7.64,7.54,20975124,158763051,7.56,7.57
2026/02/06 16:08:06,00004,九龙仓集团,WHARF HOLDINGS,,26.2,-0.38,-1.42964,26.58,26.58,26.48,25.98,1332274,34853176,26.18,26.2
2026/02/06 16:08:06,00005,汇丰控股,HSBC HOLDINGS,,134.8,-3.7,-2.67148,138.5,134.8,135.4,133.1,18601846,2495823011,134.7,134.8
2026/02/06 16:08:06,00006,电能实业,POWER ASSETS,,62.2,0.0,0.0,62.2,61.95,62.5,61.65,4792324,297706959,62.05,62.2
2026/02/06 16:08:06,00007,智富资源投资,WISDOM WEALTH,,0.032,0.0,1e-05,0.032,0.0,0.0,0.0,0,0,0.0,0.0
2026/02/06 16:08:06,00008,电讯盈科,PCCW,,6.04,-0.04,-0.6579,6.08,6.08,6.08,5.92,8478708,50962068,6.02,6.04
2026/02/06 16:08:06,00010,恒隆集团,HANG LUNG GROUP,,16.37,0.13,0.8005,16.24,16.38,16.38,16.07,502244,8166464,16.25,16.37
2026/02/06 16:08:06,00012,恒基地产,HENDERSON LAND,,31.98,-0.46,-1.418,32.44,32.1,32.22,31.64,7540604,240212695,31.96,31.98
2026/02/06 16:08:06,00013,和黄医药,HUTCHMED,,23.38,0.3,1.29982,23.08,22.7,23.46,22.7,3277193,76096395,23.32,23.38
2026/02/06 16:08:06,00014,希慎兴业,HYSAN DEV,,22.2,0.12,0.54348,22.08,21.84,22.38,21.5,2082458,45977024,22.18,22.2
2026/02/06 16:08:06,00016,新鸿基地产,SHK PPT,,127.1,0.3,0.23659,126.8,124.6,127.5,121.8,6999381,880405822,127.0,127.1
2026/02/06 16:08:06,00017,新世界发展,NEW WORLD DEV,,9.95,-0.25,-2.45098,10.2,10.0,10.02,9.82,8707149,86426759,9.95,9.96
2026/02/06 16:08:06,00018,东方企控集团,ORIENTAL E H,,0.31,0.0,0.0,0.31,0.0,0.0,0.0,0,0,0.305,0.325
2026/02/06 16:08:06,00019,太古股份公司Ａ,SWIRE PACIFIC A,,78.5,0.3,0.38363,78.2,77.95,78.7,77.35,813226,63705704,78.3,78.5
2026/02/06 16:08:06,00020,商汤－Ｗ,SENSETIME-W,,2.34,-0.02,-0.84746,2.36,2.3,2.35,2.27,383929263,890667938,2.33,2.34
2026/02/06 16:08:06,00021,大中华控股,GREAT CHI HLDGS,,0.087,-0.001,-1.13637,0.088,0.0,0.0,0.0,0,0,0.086,0.087
2026/02/06 16:08:06,00022,茂盛控股,MEXAN,,0.184,0.0,0.0,0.184,0.184,0.194,0.184,1200000,223240,0.184,0.189
2026/02/06 16:08:06,00023,东亚银行,BANK OF E ASIA,,15.03,0.3,2.03666,14.73,14.73,15.08,14.6,1891161,28318516,15.02,15.03
2026/02/06 16:08:06,00025,CHEVALIER INT'L,CHEVALIER INT'L,,4.2,0.0,-1e-05,4.2,0.0,0.0,0.0,0,0,4.17,4.45
2026/02/06 16:08:06,00026,中华汽车,CHINA MOTOR BUS,,59.1,-0.1,-0.16892,59.2,59.1,59.1,59.1,200,11820,59.05,59.15
2026/02/06 16:08:06,00027,银河娱乐,GALAXY ENT,,42.66,0.1,0.23496,42.56,42.2,42.72,41.62,11252987,476612165,42.62,42.66
2026/02/06 16:08:06,00028,天安,TIAN AN,,4.65,-0.01,-0.21459,4.66,4.69,4.7,4.5,77000,356050,4.65,4.7
2026/02/06 16:08:06,00029,达力集团,DYNAMIC HOLD,,12.04,-0.05,-0.41357,12.09,12.0,12.05,11.99,996000,11952940,12.0,12.04
2026/02/06 16:08:06,00030,云白国际,YNBY INTL,,0.247,0.0,0.0,0.247,0.247,0.247,0.239,2766000,680494,0.245,0.247
2026/02/06 16:08:06,00031,航天控股,CHINA AEROSPACE,,0.6,0.0,0.0,0.6,0.59,0.6,0.59,5244000,3128760,0.6,0.61
2026/02/06 16:08:06,00032,港通控股,CROSS-HAR(HOLD),,8.25,0.15,1.85185,8.1,8.04,8.3,8.04,31000,255480,8.25,8.3
2026/02/06 16:08:06,00033,INTL GENIUS,INTL GENIUS,,0.4,0.0,0.0,0.4,0.0,0.0,0.0,0,0,0.0,0.0
2026/02/06 16:08:06,00034,九龙建业,KOWLOON DEV,,4.84,-0.01,-0.20618,4.85,4.81,4.84,4.79,66000,318040,4.82,4.84
2026/02/06 16:08:06,00035,远东发展,FE CONSORT INTL,,0.85,0.02,2.40964,0.83,0.81,0.86,0.81,490004,411817,0.85,0.86
2026/02/06 16:08:06,00036,远东控股国际,FE HLDGS INTL,,0.275,0.0,0.0,0.275,0.0,0.0,0.0,0,0,0.0,0.0
2026/02/06 16:08:06,00037,远东酒店实业,FE HOTELS,,0.52,-0.01,-1.8868,0.53,0.52,0.52,0.5,672000,345400,0.5,0.52
2026/02/06 16:08:06,00038,第一拖拉机股份,FIRST TRACTOR,,8.85,-0.31,-3.38428,9.16,9.05,9.18,8.82,2472516,22187120,8.85,8.91
2026/02/06 16:08:06,00039,中国北大荒,CH BEIDAHUANG,,0.078,0.001,1.2987,0.077,0.076,0.078,0.075,1960000,149784,0.077,0.078
2026/02/06 16:08:06,00040,金山科技工业,GOLD PEAK,,0.73,0.0,0.0,0.73,0.0,0.0,0.0,0,0,0.71,0.73
2026/02/06 16:08:06,00041,鹰君,GREAT EAGLE H,,15.97,-0.21,-1.2979,16.18,16.15,16.15,15.74,280111,4443954,15.87,15.98
2026/02/06 16:08:06,00042,东北电气,NE ELECTRIC,,0.29,-0.005,-1.69492,0.295,0.0,0.0,0.0,0,0,0.275,0.29
2026/02/06 16:08:06,00045,大酒店,HK&S HOTELS,,6.5,-0.08,-1.21581,6.58,6.58,6.58,6.37,491000,3173340,6.49,6.5
2026/02/06 16:08:06,00046,科联系统,COMPUTER & TECH,,1.41,-0.02,-1.3986,1.43,1.43,1.43,1.4,38000,53500,1.41,1.43
2026/02/06 16:08:06,00048,中国汽车内饰,C AUTO INT DECO,,0.28,-0.02,-6.66667,0.3,0.28,0.28,0.275,260000,72100,0.275,0.28
2026/02/06 16:08:06,00050,香港小轮（集团）,HK FERRY (HOLD),,4.93,-0.01,-0.20243,4.94,4.94,4.94,4.9,36701,180888,4.91,4.93
2026/02/06 16:08:06,00051,海港企业,HARBOUR CENTRE,,4.75,0.0,0.0,4.75,4.77,4.77,4.55,12625,58172,4.61,4.75
2026/02/06 16:08:06,00052,大快活集团,FAIRWOOD HOLD,,4.48,0.01,0.22371,4.47,4.6,4.6,4.47,72543,330840,4.48,4.5
2026/02/06 16:08:06,00053,国浩集团,GUOCO GROUP,,73.4,0.25,0.34177,73.15,73.0,73.4,73.0,3000,219400,73.0,73.4
2026/02/06 16:08:06,00055,中星集团控股,NEWAY GROUP,,0.161,0.0,0.0,0.161,0.158,0.162,0.157,160000,25230,0.158,0.162
2026/02/06 16:08:06,00057,震雄集团,CHEN HSONG HOLD,,1.67,0.01,0.60241,1.66,1.68,1.68,1.67,22000,36840,1.66,1.67
2026/02/06 16:08:06,00058,新威国际,SUNWAY INT'L,,0.2,0.0,0.0,0.2,0.0,0.0,0.0,0,0,0.183,0.2
2026/02/06 16:08:06,00059,天誉置业,SKYFAME REALTY,,0.01,0.0,0.0,0.01,0.0,0.0,0.0,0,0,0.0,0.0
2026/02/06 16:08:06,00060,香港食品投资,HK FOOD INV,,0.495,0.045,10.0,0.45,0.48,0.495,0.475,366000,177470,0.48,0.5
2026/02/06 16:08:06,00061,绿领控股,GREEN LEADER,,0.078,0.0,0.0,0.078,0.0,0.0,0.0,0,0,0.074,0.078
2026/02/06 16:08:06,00062,载通,TRANSPORT INT'L,,10.41,-0.04,-0.38278,10.45,10.45,10.49,10.38,77708,808878,10.41,10.44
2026/02/06 16:08:06,00063,中亚烯谷集团,CHI ASIA VALLEY,,0.058,0.0,0.0,0.058,0.058,0.058,0.058,2000,116,0.054,0.059
2026/02/06 16:08:06,00064,结好控股,GET NICE,,3.05,0.05,1.66667,3.0,3.03,3.07,3.03,64000,194000,3.0,3.05
2026/02/06 16:08:06,00065,弘海高新资源,GRAND OCEAN AR,,0.315,0.0,0.0,0.315,0.0,0.0,0.0,0,0,0.31,0.33
2026/02/06 16:08:06,00066,港铁公司,MTR CORPORATION,,36.66,-0.08,-0.21775,36.74,36.52,36.88,36.3,13186537,482338858,36.64,36.66
2026/02/06 16:08:06,00069,香格里拉（亚洲）,SHANGRI-LA ASIA,,4.98,0.0,0.0,4.98,4.92,4.99,4.9,538000,2662260,4.95,4.98
2026/02/06 16:08:06,00070,金粤控股,RICH GOLDMAN,,0.057,-0.003,-5.0,0.06,0.056,0.056,0.056,90000,5040,0.057,0.062
2026/02/06 16:08:06,00071,美丽华酒店,MIRAMAR HOTEL,,10.76,-0.07,-0.64635,10.83,10.9,10.9,10.75,58670,633146,10.76,10.86
2026/02/06 16:08:06,00072,超媒体控股,META MEDIA,,0.26,0.04,18.18181,0.22,0.23,0.265,0.23,232000,57876,0.245,0.265
2026/02/06 16:08:06,00073,亚洲果业,ASIAN CITRUS,,1.7,0.0,0.0,1.7,0.0,0.0,0.0,0,0,1.48,1.95
2026/02/06 16:08:06,00075,渝太地产,Y.T. REALTY,,0.141,0.0,0.0,0.141,0.0,0.0,0.0,0,0,0.141,0.0
2026/02/06 16:08:06,00076,谊砾控股,ELATE HOLDINGS,,0.164,-0.006,-3.52941,0.17,0.17,0.17,0.16,585003,98103,0.164,0.17
2026/02/06 16:08:06,00077,进智公共交通,AMS TRANSPORT,,0.455,0.0,0.0,0.455,0.0,0.0,0.0,0,0,0.425,0.455
2026/02/06 16:08:06,00078,REGAL INT'L,REGAL INT'L,,0.54,0.0,0.0,0.54,0.53,0.54,0.52,658000,350560,0.53,0.54
2026/02/06 16:08:06,00079,世纪建业,CENTURY LEGEND,,0.097,-0.003,-3.0,0.1,0.095,0.098,0.093,352000,33112,0.096,0.099
2026/02/06 16:08:06,00080,ＣＡＩ控股,CAI CORP,,0.285,-0.005,-1.72414,0.29,0.29,0.3,0.28,3425000,971900,0.28,0.29
2026/02/06 16:08:06,00081,中国海外宏洋集团,CH OVS G OCEANS,,2.59,0.02,0.77821,2.57,2.54,2.6,2.51,6405529,16448053,2.57,2.59
2026/02/06 16:08:06,00082,疯狂体育,CRAZY SPORTS,,0.086,-0.004,-4.44444,0.09,0.087,0.09,0.085,4378800,381020,0.085,0.086
2026/02/06 16:08:06,00083,信和置业,SINO LAND,,12.11,0.01,0.08264,12.1,12.0,12.14,11.72,10154507,122312131,12.06,12.11
2026/02/06 16:08:06,00084,宝光实业,STELUX HOLDINGS,,0.067,-0.002,-2.89855,0.069,0.07,0.067,0.067,6504,442,0.067,0.069
2026/02/06 16:08:06,00085,中电华大科技,CE HUADA TECH,,1.3,-0.02,-1.51516,1.32,1.29,1.32,1.29,1332000,1739920,1.3,1.32
2026/02/06 16:08:06,00086,新鸿基公司,SUN HUNG KAI CO,,4.29,0.0,0.0,4.29,4.28,4.29,4.24,244000,1040180,4.25,4.29
2026/02/06 16:08:06,00087,太古股份公司Ｂ,SWIRE PACIFIC B,,12.95,-0.1,-0.76629,13.05,13.02,13.19,12.85,1282589,16677762,12.93,12.95
2026/02/06 16:08:06,00088,TAI CHEUNG HOLD,TAI CHEUNG HOLD,,3.72,-0.06,-1.5873,3.78,3.75,3.75,3.7,55975,208967,3.71,3.72
2026/02/06 16:08:06,00089,大生地产,TAI SANG LAND,,2.38,-0.01,-0.41841,2.39,0.0,0.0,0.0,0,0,2.27,2.38
2026/02/06 16:08:06,00090,普星能量,PUXING ENERGY,,1.2,0.04,3.44828,1.16,1.21,1.23,1.13,18000,20940,1.15,1.23
2026/02/06 16:08:06,00092,冠军科技集团,CHAMPION TECH,,0.207,-0.004,-1.89573,0.211,0.203,0.208,0.201,276000,56448,0.203,0.208
2026/02/06 16:08:06,00093,零在科技金融,ZERO FINTECH,,0.42,0.0,0.0,0.42,0.0,0.0,0.0,0,0,0.41,0.44
2026/02/06 16:08:06,00094,绿心集团,GREENHEART GP,,0.093,0.0,0.0,0.093,0.086,0.093,0.086,160000,14320,0.086,0.093
2026/02/06 16:08:06,00095,绿景中国地产,LVGEM CHINA,,0.295,0.0,0.0,0.295,0.3,0.3,0.295,1932000,576000,0.29,0.295
2026/02/06 16:08:06,00096,YUSEI,YUSEI,,0.58,0.0,0.0,0.58,0.0,0.0,0.0,198000,110880,0.57,0.58
2026/02/06 16:08:06,00097,恒基发展,HENDERSON INV,,0.175,0.005,2.94118,0.17,0.167,0.175,0.166,821000,139104,0.175,0.18
2026/02/06 16:08:06,00098,兴发铝业,XINGFA ALUM,,7.32,0.0,0.0,7.32,7.32,7.41,7.32,2000,14730,7.24,7.43
2026/02/06 16:08:06,00099,王氏国际,WONG'S INT'L,,1.35,0.0,0.0,1.35,0.0,0.0,0.0,0,0,1.34,1.4
2026/02/06 16:08:06,00100,MINIMAX-WP,MINIMAX-WP,,461.0,-25.0,-5.14403,486.0,448.0,494.0,446.2,850004,398292582,461.0,461.20001
2026/02/06 16:08:06,00101,恒隆地产,HANG LUNG PPT,,9.48,0.07,0.74389,9.41,9.41,9.52,9.24,8828749,83105993,9.47,9.48
2026/02/06 16:08:06,00103,首佳科技,SHOUGANG CENT,,2.94,-0.01,-0.33898,2.95,2.95,2.96,2.9,35000,102890,2.9,2.94
2026/02/06 16:08:06,00104,ASIA COMM HOLD,ASIA COMM HOLD,,0.228,0.0,0.0,0.228,0.228,0.228,0.228,360000,82130,0.224,0.226
2026/02/06 16:08:06,00105,凯联国际酒店,ASSO INT HOTELS,,5.25,0.0,0.0,5.25,0.0,0.0,0.0,0,0,5.15,5.55
2026/02/06 16:08:06,00106,朗诗绿色管理,LANDSEA MGMT,,0.019,0.0,0.0,0.019,0.0,0.0,0.0,0,0,0.0,0.0
2026/02/06 16:08:06,00107,四川成渝高速公路,SICHUAN EXPRESS,,5.53,-0.02,-0.36036,5.55,5.5,5.6,5.48,2396000,13296300,5.52,5.53
2026/02/06 16:08:06,00108,国锐生活,GR LIFE STYLE,,2.61,0.14,5.66801,2.47,2.48,2.61,2.41,1236000,3145580,2.55,2.61
2026/02/06 16:08:06,00110,中国长远,CHINA FORTUNE,,0.22,0.0,0.0,0.22,0.0,0.0,0.0,0,0,0.0,0.0
2026/02/06 16:08:06,00111,信达国际控股,CINDA INTL HLDG,,1.04,-0.2,-16.12904,1.24,1.21,1.22,1.0,12496000,13434800,1.04,1.06
2026/02/06 16:08:06,00113,迪生创建,DICKSON CONCEPT,,5.65,-0.01,-0.17668,5.66,5.66,5.66,5.61,84000,473960,5.65,5.7
2026/02/06 16:08:06,00114,HERALD HOLD,HERALD HOLD,,0.63,0.0,0.0,0.63,0.0,0.0,0.0,0,0,0.6,0.63
2026/02/06 16:08:06,00115,钧濠集团,GRAND FIELD GP,,6.98,-0.01,-0.14306,6.99,6.98,6.98,6.98,2000,13960,0.0,6.99
2026/02/06 16:08:06,00116,周生生,CHOW SANG SANG,,13.84,-0.04,-0.28818,13.88,13.9,13.9,13.42,477507,6545671,13.7,13.84
2026/02/06 16:08:06,00117,天利控股集团,TIANLI HOLDINGS,,0.325,-0.005,-1.51516,0.33,0.325,0.325,0.325,124000,40300,0.32,0.33
2026/02/06 16:08:06,00118,大同机械,COSMOS MACH,,0.181,0.0,0.0,0.181,0.0,0.0,0.0,0,0,0.18,0.196
2026/02/06 16:08:06,00119,保利置业集团,POLY PROPERTY,,2.28,-0.07,-2.97873,2.35,2.34,2.34,2.25,10766327,24542054,2.27,2.28
2026/02/06 16:08:06,00120,COSMOPOL INT'L,COSMOPOL INT'L,,0.106,0.012,12.76596,0.094,0.097,0.106,0.091,4793400,472242,0.101,0.106
2026/02/06 16:08:06,00122,鳄鱼恤,CROCODILE,,1.45,0.0,0.0,1.45,0.0,0.0,0.0,0,0,1.4,1.5
2026/02/06 16:08:06,00123,越秀地产,YUEXIU PROPERTY,,4.7,-0.04,-0.84389,4.74,4.69,4.73,4.63,7167434,33524366,4.69,4.7
2026/02/06 16:08:06,00124,粤海置地,GD LAND,,0.233,-0.004,-1.68777,0.237,0.231,0.244,0.228,812320,190876,0.233,0.238
2026/02/06 16:08:06,00125,新兴光学,SUN HING VISION,,0.37,0.01,2.77778,0.36,0.37,0.37,0.37,6000,2220,0.35,0.38
2026/02/06 16:08:06,00126,佳宁娜,CARRIANNA,,0.122,0.002,1.66667,0.12,0.122,0.122,0.122,18000,2196,0.121,0.13
2026/02/06 16:08:06,00127,华人置业,CHINESE EST H,,1.26,0.02,1.6129,1.24,1.23,1.26,1.22,194000,238890,1.25,1.26
2026/02/06 16:08:06,00128,安宁控股,ENM HOLDINGS,,0.4,0.0,0.0,0.4,0.4,0.405,0.39,1740000,693520,0.395,0.405
2026/02/06 16:08:06,00129,泛海集团,ASIA STANDARD,,0.225,-0.009,-3.84616,0.234,0.225,0.233,0.222,226556,51598,0.225,0.23
2026/02/06 16:08:06,00130,慕诗国际,MOISELLE INT'L,,0.167,0.0,0.0,0.167,0.167,0.167,0.167,2000,334,0.167,0.175
2026/02/06 16:08:06,00131,卓能（集团）,CHEUK NANG HOLD,,1.17,0.01,0.86207,1.16,1.17,1.17,1.17,50000,58500,1.15,1.17
2026/02/06 16:08:06,00132,兴业控股,HING YIP HLDGS,,0.22,0.02,10.0,0.2,0.2,0.22,0.2,51000,10220,0.19,0.217
2026/02/06 16:08:06,00133,招商局中国基金,CHINA MERCHANTS,,14.64,-0.05,-0.34037,14.69,14.61,14.68,14.58,58000,847640,14.64,14.69
2026/02/06 16:08:06,00135,昆仑能源,KUNLUN ENERGY,,8.16,-0.01,-0.1224,8.17,8.08,8.18,8.02,9709967,78914667,8.15,8.16
2026/02/06 16:08:06,00136,中国儒意,CHINA RUYI,,2.1,-0.02,-0.9434,2.12,2.1,2.13,2.08,27660612,58264211,2.09,2.1
2026/02/06 16:08:06,00137,金辉集团,JINHUI HOLDINGS,,0.69,0.0,0.0,0.69,0.0,0.0,0.0,0,0,0.65,0.73
2026/02/06 16:08:06,00138,中建富通,CCT FORTIS,,0.067,0.001,1.51515,0.066,0.068,0.068,0.067,528500,35825,0.067,0.07
2026/02/06 16:08:06,00139,小鱼盈通,SMART FISH,,0.179,-0.002,-1.10497,0.181,0.186,0.186,0.177,5092105,914097,0.179,0.181
2026/02/06 16:08:06,00142,第一太平,FIRST PACIFIC,,6.37,0.04,0.63191,6.33,6.33,6.37,6.27,2918803,18484130,6.34,6.37
2026/02/06 16:08:06,00144,招商局港口,CHINA MER PORT,,16.59,-0.01,-0.06024,16.6,16.59,16.6,16.33,4615924,76306624,16.56,16.59
2026/02/06 16:08:06,00145,信能低碳,CCIAM FUTURE EN,,0.238,-0.002,-0.83333,0.24,0.24,0.24,0.229,768000,183096,0.235,0.245
2026/02/06 16:08:06,00146,TAI PING CARPET,TAI PING CARPET,,1.9,0.0,0.0,1.9,0.0,0.0,0.0,0,0,1.79,1.94
2026/02/06 16:08:06,00147,国际商业结算,IB SETTLEMENT,,0.157,-0.003,-1.875,0.16,0.161,0.162,0.157,7695000,1225130,0.157,0.162
2026/02/06 16:08:06,00148,建滔集团,KINGBOARD HLDG,,31.08,0.08,0.25806,31.0,30.58,31.3,30.2,1957006,60567586,31.04,31.08
2026/02/06 16:08:06,00149,中国农产品交易,CH AGRI-PROD EX,,0.073,0.002,2.8169,0.071,0.068,0.073,0.067,222082,16063,0.067,0.074
2026/02/06 16:08:06,00150,HYPEBEAST,HYPEBEAST,,0.163,0.0,0.0,0.163,0.0,0.0,0.0,0,0,0.161,0.177
2026/02/06 16:08:06,00151,中国旺旺,WANT WANT CHINA,,4.96,-0.03,-0.6012,4.99,4.84,5.03,4.84,9099118,45001525,4.94,4.96
2026/02/06 16:08:06,00152,深圳国际,SHENZHEN INT'L,,9.05,0.0,0.0,9.05,9.05,9.06,8.95,5337107,48043369,9.01,9.05
2026/02/06 16:08:06,00154,北京控股环境集团,BE ENVIRONMENT,,0.54,0.0,0.0,0.54,0.0,0.0,0.0,0,0,0.52,0.55
2026/02/06 16:08:06,00156,力宝华润,LIPPO CHINA RES,,0.91,0.0,0.0,0.91,0.0,0.0,0.0,600,510,0.88,0.92
2026/02/06 16:08:06,00157,自然美,NATURAL BEAUTY,,0.47,0.0,0.0,0.47,0.0,0.0,0.0,0,0,0.37,0.55
2026/02/06 16:08:06,00158,万邦投资,MELBOURNE ENT,,60.65,0.0,0.0,60.65,0.0,0.0,0.0,0,0,60.3,62.0
2026/02/06 16:08:06,00159,布莱克万矿业,BROCKMAN MINING,,0.088,0.0,0.0,0.088,0.0,0.0,0.0,0,0,0.088,0.09
2026/02/06 16:08:06,00160,汉国置业,HON KWOK LAND,,0.95,0.0,0.0,0.95,0.95,0.95,0.95,2000,1900,0.94,0.97
2026/02/06 16:08:06,00162,世纪金花,CENTURY GINWA,,0.034,0.0,1e-05,0.034,0.0,0.0,0.0,0,0,0.034,0.039
2026/02/06 16:08:06,00163,英皇国际,EMPEROR INT'L,,0.196,-0.004,-2.0,0.2,0.196,0.198,0.196,119000,23303,0.194,0.199
2026/02/06 16:08:06,00164,中国宝力科技,CHINA BAOLI TEC,,0.395,0.0,0.0,0.395,0.4,0.41,0.395,410000,164775,0.39,0.4
2026/02/06 16:08:06,00165,中国光大控股,CHINA EB LTD,,9.26,-0.16,-1.69851,9.42,9.22,9.34,9.13,3259000,30102010,9.23,9.26
2026/02/06 16:08:06,00166,新时代集团控股,NEW TIMES CORP,,0.042,0.0,0.0,0.042,0.041,0.042,0.041,1076000,44876,0.041,0.043
2026/02/06 16:08:06,00167,IDT INT'L,IDT INT'L,,1.99,-0.2,-9.13242,2.19,2.47,2.47,1.97,1512166,3286810,1.99,2.19
2026/02/06 16:08:06,00168,青岛啤酒股份,TSINGTAO BREW,,52.7,-0.25,-0.47214,52.95,52.6,52.9,52.25,3449516,181483475,52.5,52.7
2026/02/06 16:08:06,00169,万达酒店发展,WANDA HOTEL DEV,,0.093,0.0,0.0,0.093,0.094,0.094,0.092,538000,49797,0.092,0.093
2026/02/06 16:08:06,00171,银建国际,SILVER GRANT,,0.084,0.0,0.0,0.084,0.083,0.084,0.083,136095,11410,0.083,0.088
2026/02/06 16:08:06,00173,嘉华国际,K. WAH INT'L,,2.54,-0.07,-2.68199,2.61,2.55,2.57,2.53,1159587,2951406,2.53,2.54
2026/02/06 16:08:06,00174,盛洋投资,GEMINI INV,,0.23,-0.006,-2.54237,0.236,0.0,0.0,0.0,0,0,0.0,0.23
2026/02/06 16:08:06,00175,吉利汽车,GEELY AUTO,,16.31,0.16,0.99071,16.15,15.93,16.45,15.86,39619806,644868011,16.28,16.31
2026/02/06 16:08:06,00176,先机企业集团,SUPERACTIVE GP,,0.013,0.0,0.0,0.013,0.0,0.0,0.0,0,0,0.0,0.0
2026/02/06 16:08:06,00177,江苏宁沪高速公路,JIANGSU EXPRESS,,10.2,-0.15,-1.44928,10.35,10.31,10.34,10.09,7297734,74320951,10.19,10.2
2026/02/06 16:08:06,00178,莎莎国际,SA SA INT'L,,0.58,-0.02,-3.33334,0.6,0.59,0.59,0.58,1296845,761078,0.58,0.59
2026/02/06 16:08:06,00179,德昌电机控股,JOHNSON ELEC H,,26.24,-0.4,-1.5015,26.64,26.1,26.88,25.78,3016068,79401122,26.22,26.24
2026/02/06 16:08:06,00180,开达集团,KADER HOLDINGS,,0.215,0.0,0.0,0.215,0.0,0.0,0.0,0,0,0.195,0.215
2026/02/06 16:08:06,00181,闽港控股,FUJIAN HOLDINGS,,0.118,0.0,0.0,0.118,0.0,0.0,0.0,0,0,0.094,0.0
2026/02/06 16:08:06,00182,协合新能源,CONCORD NE,,0.33,0.0,0.0,0.33,0.325,0.34,0.325,16010000,5297550,0.33,0.335
2026/02/06 16:08:06,00183,宏辉集团,WINFULL GP,,0.18,0.002,1.1236,0.178,0.18,0.18,0.173,29600,5196,0.174,0.199
2026/02/06 16:08:06,00184,激成投资,KECK SENG INV,,2.4,0.09,3.89611,2.31,2.38,2.41,2.38,16000,38260,2.32,2.41
2026/02/06 16:08:06,00185,正商实业,ZENSUN ENT,,0.122,0.003,2.52101,0.119,0.122,0.122,0.122,314000,38308,0.122,0.146
2026/02/06 16:08:06,00186,敏捷控股,NIMBLE HOLDINGS,,0.158,0.0,1e-05,0.158,0.0,0.0,0.0,0,0,0.0,0.158
2026/02/06 16:08:06,00187,京城机电股份,JINGCHENG MAC,,4.15,-0.07,-1.65877,4.22,4.17,4.35,4.05,5696000,23842060,4.15,4.16
2026/02/06 16:08:06,00188,新华汇富金融,SUNWAH KINGSWAY,,0.241,0.0,0.0,0.241,0.0,0.0,0.0,0,0,0.241,0.245
2026/02/06 16:08:06,00189,东岳集团,DONGYUE GROUP,,12.18,0.14,1.16279,12.04,11.7,12.62,11.53,11396623,138722084,12.11,12.18
2026/02/06 16:08:06,00191,丽新国际,LAI SUN INT'L,,0.65,0.0,0.0,0.65,0.0,0.0,0.0,0,0,0.63,0.67
2026/02/06 16:08:06,00193,冠中地产,CAPITAL ESTATE,,0.21,-0.01,-4.54546,0.22,0.215,0.215,0.21,36000,7605,0.207,0.219
2026/02/06 16:08:06,00194,廖创兴企业,LIU CHONG HING,,4.42,-0.04,-0.89686,4.46,4.4,4.4,4.4,10000,44000,4.42,4.49
2026/02/06 16:08:06,00195,绿科科技国际,GREENTECH INTL,,0.28,0.0,0.0,0.28,0.0,0.0,0.0,0,0,0.0,0.0
2026/02/06 16:08:06,00196,宏华集团,HONGHUA GROUP,,0.203,0.0,0.0,0.203,0.203,0.207,0.199,536000,107962,0.202,0.204
2026/02/06 16:08:06,00197,亨泰,HENG TAI,,0.33,0.0,0.0,0.33,0.305,0.36,0.305,365250,124637,0.315,0.33
2026/02/06 16:08:06,00199,德祥地产,ITC PROPERTIES,,1.06,0.02,1.92307,1.04,1.04,1.1,1.04,1317000,1383620,1.06,1.07
2026/02/06 16:08:06,00200,新濠国际发展,MELCO INT'L DEV,,4.55,0.02,0.44151,4.53,4.48,4.57,4.34,8900630,39611145,4.54,4.55
2026/02/06 16:08:06,00201,华大酒店,MAGNIFICENT,,0.071,0.0,0.0,0.071,0.075,0.075,0.071,4000,292,0.071,0.075
2026/02/06 16:08:06,00202,润中国际控股,EVERCHINA INT'L,,0.08,-0.012,-13.04348,0.092,0.092,0.092,0.08,625000,51955,0.079,0.085
2026/02/06 16:08:06,00204,资本界金控,CAPITAL REALM,,0.215,0.01,4.87805,0.205,0.2,0.23,0.2,620000,128060,0.215,0.219
2026/02/06 16:08:06,00205,BFB HEALTH,BFB HEALTH,,0.85,-0.04,-4.49438,0.89,0.88,0.88,0.85,380000,326200,0.85,0.87
2026/02/06 16:08:06,00206,华商能源,CM-ENERGY,,0.51,-0.01,-1.92308,0.52,0.54,0.55,0.51,3554000,1845840,0.51,0.52
2026/02/06 16:08:06,00209,瀛晟科学,WINSHINE SCI,,0.242,-0.005,-2.02429,0.247,0.248,0.255,0.24,4743280,1167510,0.242,0.247
2026/02/06 16:08:06,00210,达芙妮国际,DAPHNE INT'L,,0.38,0.005,1.33333,0.375,0.385,0.39,0.38,198000,75890,0.38,0.39
2026/02/06 16:08:06,00211,STYLAND HOLD,STYLAND HOLD,,0.24,-0.015,-5.88236,0.255,0.241,0.241,0.24,29440,7009,0.233,0.255
2026/02/06 16:08:06,00212,NANYANG HOLD,NANYANG HOLD,,29.8,0.0,0.0,29.8,0.0,0.0,0.0,0,0,29.0,30.0
2026/02/06 16:08:06,00213,NATIONAL ELEC H,NATIONAL ELEC H,,0.375,0.0,0.0,0.375,0.375,0.375,0.375,16758,6269,0.375,0.4
2026/02/06 16:08:06,00214,汇汉控股,ASIA ORIENT,,0.265,0.0,-1e-05,0.265,0.0,0.0,0.0,0,0,0.275,0.28
2026/02/06 16:08:06,00215,和记电讯香港,HUTCHTEL HK,,1.15,0.01,0.87719,1.14,1.15,1.16,1.13,3132472,3588672,1.14,1.15
2026/02/06 16:08:06,00216,建业实业,CHINNEY INV,,0.62,0.0,0.0,0.62,0.0,0.0,0.0,0,0,0.59,0.64
2026/02/06 16:08:06,00217,中国诚通发展集团,CHINA CHENGTONG,,0.129,0.003,2.38095,0.126,0.125,0.13,0.125,2142000,273596,0.127,0.129
2026/02/06 16:08:06,00218,申万宏源香港,SWHYHK,,1.28,0.0,0.0,1.28,1.26,1.28,1.26,85000,108650,1.27,1.31
2026/02/06 16:08:06,00219,顺豪物业,SHUNHO PROPERTY,,0.72,0.0,0.0,0.72,0.72,0.72,0.72,16000,11520,0.68,0.75
2026/02/06 16:08:06,00220,统一企业中国,U-PRESID CHINA,,7.79,-0.04,-0.51086,7.83,7.7,7.92,7.65,5036636,39106388,7.76,7.79
2026/02/06 16:08:06,00222,闽信集团,MIN XIN HOLD,,3.15,0.0,0.0,3.15,0.0,0.0,0.0,0,0,3.02,3.15
2026/02/06 16:08:06,00223,易生活控股,ELIFE HLDGS,,0.125,0.0,0.0,0.125,0.125,0.125,0.125,180000,22500,0.119,0.124
2026/02/06 16:08:06,00224,建生国际,PIONEER GLOBAL,,0.57,0.0,0.0,0.57,0.0,0.0,0.0,0,0,0.53,0.57
2026/02/06 16:08:06,00225,博富临置业,POKFULAM,,6.0,-0.05,-0.82645,6.05,6.0,6.0,6.0,72000,432000,6.0,6.05
2026/02/06 16:08:06,00227,第一上海,FIRST SHANGHAI,,0.255,-0.005,-1.92308,0.26,0.255,0.26,0.255,824000,213280,0.255,0.27
2026/02/06 16:08:06,00228,中能控股,CHINA ENERGY,,1.85,-0.07,-3.64583,1.92,1.92,1.92,1.81,127500,237013,1.84,1.85
2026/02/06 16:08:06,00229,利民实业,RAYMOND IND,,0.93,0.01,1.08696,0.92,0.93,0.93,0.93,15000,13950,0.93,0.94
2026/02/06 16:08:06,00230,五矿地产,MINMETALS LAND,,0.98,0.0,0.0,0.98,0.98,0.99,0.98,814000,801230,0.98,0.99
2026/02/06 16:08:06,00232,大陆航空科技控股,CON AERO TECH,,0.164,-0.003,-1.7964,0.167,0.167,0.167,0.16,6092000,991982,0.163,0.164
2026/02/06 16:08:06,00234,新世纪集团,NEW CENTURY GP,,0.035,0.002,6.06061,0.033,0.036,0.036,0.036,24000,864,0.033,0.035
2026/02/06 16:08:06,00235,中策资本控股,CSC HOLDINGS,,0.03,0.0,0.0,0.03,0.029,0.03,0.029,1660000,48630,0.029,0.03
2026/02/06 16:08:06,00236,香港生力啤,SAN MIGUEL HK,,1.2,0.0,0.0,1.2,0.0,0.0,0.0,0,0,1.17,1.26
2026/02/06 16:08:06,00237,安全货仓,SAFETY GODOWN,,2.03,0.01,0.49505,2.02,0.0,0.0,0.0,95,197,2.03,2.08
2026/02/06 16:08:06,00239,白花油,PAK FAH YEOW,,2.4,0.0,0.0,2.4,0.0,0.0,0.0,0,0,2.37,2.49
2026/02/06 16:08:06,00240,利基控股,BUILD KING HOLD,,1.4,-0.01,-0.70922,1.41,1.39,1.4,1.38,90000,124900,1.38,1.4
2026/02/06 16:08:06,00241,阿里健康,ALI HEALTH,,6.1,-0.1,-1.61291,6.2,6.07,6.24,6.0,90451458,551568659,6.09,6.1
2026/02/06 16:08:06,00242,信德集团,SHUN TAK HOLD,,0.67,0.01,1.51515,0.66,0.65,0.67,0.65,719500,472810,0.66,0.67
2026/02/06 16:08:06,00243,QPL INT'L,QPL INT'L,,0.4,-0.02,-4.7619,0.42,0.4,0.4,0.4,1972500,788970,0.4,0.415
2026/02/06 16:08:06,00244,先施,SINCERE,,0.37,-0.05,-11.90476,0.42,0.415,0.415,0.34,70000,27050,0.37,0.39
2026/02/06 16:08:06,00245,中薇金融,CHINA VERED FIN,,1.09,0.03,2.83019,1.06,1.09,1.09,1.09,30410,33111,1.04,1.09
2026/02/06 16:08:06,00247,TST PROPERTIES,TST PROPERTIES,,19.84,0.0,0.0,19.84,0.0,0.0,0.0,0,0,19.5,20.78
2026/02/06 16:08:06,00251,爪哇控股,SEA HOLDINGS,,1.39,0.0,0.0,1.39,0.0,0.0,0.0,0,0,1.36,1.39
2026/02/06 16:08:06,00252,华信地产财务,SE ASIA PPT,,1.6,0.0,0.0,1.6,0.0,0.0,0.0,0,0,0.0,0.0
2026/02/06 16:08:06,00253,顺豪控股,SHUNHO HOLDINGS,,0.63,0.0,0.0,0.63,0.0,0.0,0.0,0,0,0.61,0.69
2026/02/06 16:08:06,00254,国家联合资源,NUR HOLDINGS,,0.59,0.01,1.72413,0.58,0.0,0.0,0.0,5340,2883,0.59,0.65
2026/02/06 16:08:06,00255,龙记集团,LUNG KEE,,1.42,0.0,0.0,1.42,1.4,1.42,1.4,22000,30960,1.42,1.44
2026/02/06 16:08:06,00256,冠城钟表珠宝,CITYCHAMP,,0.16,0.0,0.0,0.16,0.159,0.165,0.158,992000,159564,0.159,0.16
2026/02/06 16:08:06,00257,光大环境,EB ENVIRONMENT,,4.96,-0.02,-0.40161,4.98,4.98,4.98,4.88,6993710,34612490,4.95,4.96
2026/02/06 16:08:06,00258,汤臣集团,TOMSON GROUP,,2.66,-0.01,-0.37453,2.67,2.69,2.69,2.61,946000,2498660,2.61,2.66
2026/02/06 16:08:06,00259,亿都（国际控股）,YEEBO (INT'L H),,3.39,-0.06,-1.73913,3.45,3.38,3.54,3.33,236000,816380,3.38,3.45
2026/02/06 16:08:06,00261,ＧＢＡ集团,GBA HOLDINGS,,0.28,-0.01,-3.44828,0.29,0.29,0.29,0.28,1089670,315474,0.275,0.295
2026/02/06 16:08:06,00262,迪臣发展国际,DESON DEV INT'L,,0.083,0.0,0.0,0.083,0.0,0.0,0.0,0,0,0.082,0.088
2026/02/06 16:08:06,00264,中联发展控股,CN INT DEV CORP,,2.18,-0.02,-0.90909,2.2,2.25,2.3,2.11,1308000,2900320,2.12,2.18
2026/02/06 16:08:06,00265,港誉智慧城市服务,GANGYU SERVICES,,1.68,0.0,0.0,1.68,0.0,0.0,0.0,0,0,1.68,1.8
2026/02/06 16:08:06,00266,天德地产,TIAN TECK LAND,,2.01,-0.04,-1.95122,2.05,2.05,2.05,2.01,102000,208120,2.0,2.05
2026/02/06 16:08:06,00267,中信股份,CITIC,,12.39,0.14,1.14286,12.25,12.05,12.51,12.05,21423388,264139112,12.38,12.39
2026/02/06 16:08:06,00268,金蝶国际,KINGDEE INT'L,,11.09,-0.3,-2.63389,11.39,10.9,11.11,10.81,45164082,496498184,11.08,11.09
2026/02/06 16:08:06,00269,中国资源交通,CRTG,,0.01,0.0,0.0,0.01,0.01,0.01,0.01,625000,6250,0.0,0.01
2026/02/06 16:08:06,00270,粤海投资,GUANGDONG INV,,7.52,-0.01,-0.1328,7.53,7.53,7.58,7.45,10593407,79560495,7.51,7.52
2026/02/06 16:08:06,00271,亚证地产,ASIASEC PPT,,0.175,0.0,0.0,0.175,0.0,0.0,0.0,0,0,0.173,0.178
2026/02/06 16:08:06,00272,瑞安房地产,SHUI ON LAND,,0.68,0.0,0.0,0.68,0.68,0.68,0.67,2012650,1363046,0.67,0.68
2026/02/06 16:08:06,00274,复兴亚洲,RA SILK ROAD,,0.49,0.0,0.0,0.49,0.0,0.0,0.0,0,0,0.0,0.0
2026/02/06 16:08:06,00276,蒙古能源,MONGOLIA ENERGY,,0.7,-0.02,-2.77778,0.72,0.73,0.73,0.69,97500,68520,0.65,0.71
2026/02/06 16:08:06,00277,太兴置业,TERN PROPERTIES,,1.4,0.0,0.0,1.4,0.0,0.0,0.0,0,0,1.4,0.0
2026/02/06 16:08:06,00279,裕承科金,ARTA TECHFIN,,0.62,0.01,1.63935,0.61,0.62,0.62,0.57,427500,250050,0.59,0.62
2026/02/06 16:08:06,00280,景福集团,KING FOOK HOLD,,0.53,0.0,-1e-05,0.53,0.53,0.53,0.52,218000,114940,0.53,0.54
2026/02/06 16:08:06,00285,比亚迪电子,BYD ELECTRONIC,,33.92,0.4,1.19331,33.52,33.0,34.1,32.8,12438980,419534640,33.9,33.92
2026/02/06 16:08:06,00286,爱帝宫,AIDIGONG,,1.31,0.0,0.0,1.31,0.0,0.0,0.0,0,0,0.0,0.0
2026/02/06 16:08:06,00287,永发置业,WINFAIR INV,,4.08,0.0,0.0,4.08,0.0,0.0,0.0,0,0,4.07,0.0
2026/02/06 16:08:06,00288,万洲国际,WH GROUP,,9.44,-0.02,-0.21142,9.46,9.43,9.48,9.28,19509234,183780032,9.43,9.44
2026/02/06 16:08:06,00289,WING ON CO,WING ON CO,,13.99,-0.01,-0.07143,14.0,13.99,13.99,13.99,1000,13990,13.86,13.99
2026/02/06 16:08:06,00290,国富量子,GOFINTECH QUANT,,2.7,-0.17,-5.92334,2.87,2.87,2.95,2.6,7990000,21721150,2.68,2.7
2026/02/06 16:08:06,00291,华润啤酒,CHINA RES BEER,,27.22,-0.48,-1.73285,27.7,27.52,27.76,27.1,14290075,389985999,27.2,27.22
2026/02/06 16:08:06,00293,国泰航空,CATHAY PAC AIR,,12.57,-0.17,-1.33438,12.74,12.74,12.74,12.46,5333131,66923208,12.56,12.57
2026/02/06 16:08:06,00294,长江制衣,YANGTZEKIANG,,0.83,0.0,0.0,0.83,0.83,0.83,0.83,103000,85490,0.82,0.83
2026/02/06 16:08:06,00295,江山控股,KONG SUN HOLD,,0.017,0.001,6.25001,0.016,0.017,0.017,0.017,25000,425,0.016,0.017
2026/02/06 16:08:06,00296,英皇娱乐酒店,EMPEROR E HOTEL,,0.265,-0.005,-1.85186,0.27,0.27,0.27,0.255,1136070,297838,0.26,0.265
2026/02/06 16:08:06,00297,中化化肥,SINOFERT,,1.62,0.02,1.25,1.6,1.58,1.64,1.56,21556113,34783853,1.62,1.63
2026/02/06 16:08:06,00298,庄士中国,CHUANG'S CHINA,,0.115,-0.006,-4.95868,0.121,0.119,0.119,0.113,80000,9160,0.115,0.12
2026/02/06 16:08:06,00299,宝新置地,GLORY SUN LAND,,0.106,0.0,0.0,0.106,0.0,0.0,0.0,0,0,0.0,0.0
2026/02/06 16:08:06,00300,美的集团,MIDEA GROUP,,88.05,-1.05,-1.17845,89.1,89.3,89.65,87.55,2734683,241236678,88.0,88.05
2026/02/06 16:08:06,00301,三和精化,SANVO CHEMICALS,,1.28,0.01,0.7874,1.27,1.29,1.29,1.28,40000,51220,1.28,1.31
2026/02/06 16:08:06,00302,中手游,CMGE,,0.365,0.0,0.0,0.365,0.355,0.365,0.35,2692000,974360,0.355,0.365
2026/02/06 16:08:06,00303,VTECH HOLDINGS,VTECH HOLDINGS,,62.45,-0.1,-0.15987,62.55,61.6,62.5,61.4,629016,39034615,62.3,62.45
2026/02/06 16:08:06,00305,五菱汽车,WULING MOTORS,,0.5,0.0,0.0,0.5,0.495,0.51,0.49,1180000,585250,0.495,0.5
2026/02/06 16:08:06,00306,冠忠巴士集团,KWOON CHUNG BUS,,2.81,-0.11,-3.76713,2.92,2.88,2.88,2.8,60000,170200,2.81,2.88
2026/02/06 16:08:06,00308,香港中旅,CHINA TRAVEL HK,,1.36,-0.03,-2.15827,1.39,1.37,1.38,1.36,6124000,8377510,1.36,1.37
2026/02/06 16:08:06,00309,新华通讯频媒,XH NEWS MEDIA,,0.038,0.001,2.7027,0.037,0.04,0.041,0.037,1068000,41679,0.038,0.039
2026/02/06 16:08:06,00310,嘉进投资国际,PROSP INV HOLD,,0.14,-0.016,-10.25641,0.156,0.14,0.14,0.14,30000,4200,0.14,0.0
2026/02/06 16:08:06,00311,联泰控股,LUEN THAI,,0.238,0.018,8.18182,0.22,0.238,0.238,0.238,1000,238,0.201,0.238
2026/02/06 16:08:06,00312,岁宝百货,SHIRBLE STORE,,0.075,-0.008,-9.63855,0.083,0.074,0.074,0.074,20000,1480,0.074,0.083
2026/02/06 16:08:06,00313,裕田中国,RICHLY FIELD,,0.083,-0.004,-4.59771,0.087,0.087,0.087,0.08,75000,6200,0.083,0.085
2026/02/06 16:08:06,00314,思派健康,SIPAI HEALTH,,2.38,-0.07,-2.85714,2.45,2.39,2.39,2.25,1532400,3547039,2.26,2.38
2026/02/06 16:08:06,00315,数码通电讯,SMARTONE TELE,,4.88,-0.1,-2.00803,4.98,4.95,4.95,4.85,688387,3355277,4.88,4.9
2026/02/06 16:08:06,00316,东方海外国际,OOIL,,132.39999,-0.10001,-0.07548,132.5,130.8,133.0,130.0,1077430,142323447,132.3,132.39999
2026/02/06 16:08:06,00317,中船防务,COMEC,,14.43,-0.25,-1.703,14.68,14.21,14.64,14.21,1260000,18257160,14.43,14.44
2026/02/06 16:08:06,00318,黄河实业,VONGROUP,,0.64,-0.01,-1.53846,0.65,0.59,0.64,0.59,26250,16450,0.6,0.64
2026/02/06 16:08:06,00320,金宝通,COMPUTIME,,0.49,0.015,3.1579,0.475,0.49,0.49,0.49,4000,1960,0.48,0.49
2026/02/06 16:08:06,00321,德永佳集团,TEXWINCA HOLD,,1.31,0.0,0.0,1.31,1.3,1.35,1.27,3748000,4901064,1.29,1.31
2026/02/06 16:08:06,00322,康师傅控股,TINGYI,,12.46,-0.25,-1.96696,12.71,12.71,12.86,12.38,19104463,239259519,12.45,12.46
2026/02/06 16:08:06,00323,马鞍山钢铁股份,MAANSHAN IRON,,2.64,-0.05,-1.85873,2.69,2.65,2.7,2.61,6424200,17056224,2.63,2.64
2026/02/06 16:08:06,00325,布鲁可,BLOKS,,69.3,-3.45,-4.74226,72.75,72.75,72.75,68.6,1011600,70738857,69.3,69.4
2026/02/06 16:08:06,00326,中国星集团,CHINA STAR ENT,,4.39,0.18,4.27553,4.21,4.18,4.39,4.1,4664000,19546090,4.39,4.4
2026/02/06 16:08:06,00327,百富环球,PAX GLOBAL,,4.73,-0.08,-1.6632,4.81,4.79,4.79,4.71,2789565,13200602,4.72,4.73
2026/02/06 16:08:06,00328,ALCO HOLDINGS,ALCO HOLDINGS,,0.87,-0.02,-2.24719,0.89,0.86,0.88,0.82,556000,475620,0.86,0.87
2026/02/06 16:08:06,00329,东建国际,OCI INTL,,0.315,0.005,1.6129,0.31,0.315,0.325,0.3,1956000,597060,0.3,0.315
2026/02/06 16:08:06,00331,丰盛生活服务,FSE LIFESTYLE,,5.69,-0.01,-0.17544,5.7,5.7,5.7,5.67,34049,193689,5.68,5.69
2026/02/06 16:08:06,00332,元亨燃气,YUANHENG GAS,,0.023,0.005,27.77778,0.018,0.018,0.028,0.017,110325000,2413621,0.023,0.024
2026/02/06 16:08:06,00333,黛丽斯国际,TOP FORM INT'L,,0.25,0.0,0.0,0.25,0.0,0.0,0.0,0,0,0.221,0.265
2026/02/06 16:08:06,00334,华显光电,CH DISPLAY OPT,,0.4,0.0,0.0,0.4,0.39,0.4,0.385,536000,210720,0.39,0.4
2026/02/06 16:08:06,00335,美建集团,UPBEST GROUP,,0.66,0.0,0.0,0.66,0.0,0.0,0.0,0,0,0.64,0.67
2026/02/06 16:08:06,00336,华宝国际,HUABAO INTL,,4.6,-0.01,-0.21692,4.61,4.5,4.76,4.47,5710000,26533850,4.6,4.61
2026/02/06 16:08:06,00337,绿地香港,GREENLAND HK,,0.227,0.007,3.18182,0.22,0.218,0.231,0.218,2264000,513577,0.225,0.229
2026/02/06 16:08:06,00338,上海石油化工股份,SHANGHAI PECHEM,,1.58,-0.01,-0.62893,1.59,1.58,1.63,1.55,22676000,36291800,1.58,1.59
2026/02/06 16:08:06,00339,中国科创产业投资,CN SCI-TECH IND,,0.62,0.02,3.33333,0.6,0.65,0.65,0.52,3630000,2129900,0.56,0.63
2026/02/06 16:08:06,00340,潼关黄金,TONGGUAN GOLD,,3.07,-0.09,-2.8481,3.16,3.04,3.12,3.0,17833189,54904170,3.07,3.09
2026/02/06 16:08:06,00341,大家乐集团,CAFE DE CORAL H,,4.71,-0.01,-0.21186,4.72,4.71,4.75,4.71,453925,2143669,4.7,4.71
2026/02/06 16:08:06,00343,文化传信,CULTURECOM HOLD,,0.168,0.0,0.0,0.168,0.169,0.169,0.168,225333,37948,0.162,0.182
2026/02/06 16:08:06,00345,VITASOY INT'L,VITASOY INT'L,,7.24,0.09,1.25874,7.15,7.15,7.36,7.14,3593340,26124052,7.24,7.26
2026/02/06 16:08:06,00346,延长石油国际,YANCHANG PETRO,,0.395,0.0,0.0,0.395,0.385,0.395,0.385,52500,20250,0.385,0.4
2026/02/06 16:08:06,00347,鞍钢股份,ANGANG STEEL,,1.95,-0.06,-2.98507,2.01,1.99,2.0,1.93,7268600,14291396,1.94,1.95
2026/02/06 16:08:06,00348,中国智能健康,CHINAHEALTHWISE,,0.134,0.0,0.0,0.134,0.0,0.0,0.0,0,0,0.125,0.134
2026/02/06 16:08:06,00351,亚洲能源物流,ASIA ENERGY LOG,,0.28,-0.01,-3.44828,0.29,0.28,0.28,0.28,174020,48645,0.28,0.295
2026/02/06 16:08:06,00352,富阳,FORTUNE SUN,,0.36,0.0,0.0,0.36,0.0,0.0,0.0,0,0,0.0,0.0
2026/02/06 16:08:06,00353,能源国际投资,ENERGY INTINV,,0.32,0.0,0.0,0.32,0.0,0.0,0.0,0,0,0.32,0.34
2026/02/06 16:08:06,00354,中国软件国际,CHINASOFT INT'L,,4.52,-0.09,-1.95228,4.61,4.51,4.59,4.44,20435533,92756340,4.51,4.52
2026/02/06 16:08:06,00355,世纪城市国际,CENTURY C INT'L,,0.081,0.0,0.0,0.081,0.084,0.084,0.079,1922100,154886,0.081,0.084
2026/02/06 16:08:06,00356,鼎立资本,DT CAPITAL,,0.063,-0.006,-8.69565,0.069,0.063,0.064,0.062,1830000,115080,0.062,0.068
2026/02/06 16:08:06,00357,美兰空港,MEILAN AIRPORT,,9.99,-0.09,-0.89286,10.08,10.08,10.15,9.92,1891000,18979730,9.99,10.04
2026/02/06 16:08:06,00358,江西铜业股份,JIANGXI COPPER,,42.62,-0.8,-1.84247,43.42,41.1,43.3,40.12,17511047,739603404,42.62,42.64
2026/02/06 16:08:06,00360,新焦点,NEW FOCUS AUTO,,0.041,-0.002,-4.65116,0.043,0.041,0.042,0.04,9312000,378544,0.04,0.041
2026/02/06 16:08:06,00361,顺龙控股,SINO GOLF HOLD,,0.082,0.019,30.15873,0.063,0.064,0.085,0.063,51880000,3838040,0.082,0.083
2026/02/06 16:08:06,00362,中国天化工,C ZENITH CHEM,,0.015,0.0,0.0,0.015,0.0,0.0,0.0,0,0,0.0,0.0
2026/02/06 16:08:06,00363,上海实业控股,SHANGHAI IND H,,15.12,-0.03,-0.19802,15.15,15.04,15.25,14.96,616633,9307253,15.12,15.13
2026/02/06 16:08:06,00365,芯成科技,SINO ICT,,0.28,0.005,1.81818,0.275,0.27,0.285,0.27,212000,57570,0.27,0.28
2026/02/06 16:08:06,00366,陆氏集团（越南）,LUKS GROUP (VN),,0.92,0.0,0.0,0.92,0.0,0.0,0.0,0,0,0.91,0.92
2026/02/06 16:08:06,00367,庄士机构国际,CHUANG'S INT'L,,0.33,0.0,0.0,0.33,0.33,0.33,0.33,184000,60720,0.31,0.33
2026/02/06 16:08:06,00368,德合集团,SUPERLAND GROUP,,0.485,0.0,0.0,0.485,0.485,0.485,0.485,8000,3880,0.44,0.49
2026/02/06 16:08:06,00369,永泰地产,WING TAI PPT,,1.98,-0.01,-0.50251,1.99,0.0,0.0,0.0,0,0,1.93,1.98
2026/02/06 16:08:06,00370,港仔机器人,HK ROBOTICS,,0.85,-0.03,-3.40909,0.88,0.86,0.88,0.79,34896000,28996620,0.82,0.85
2026/02/06 16:08:06,00371,北控水务集团,BJ ENT WATER,,2.96,0.05,1.71821,2.91,2.89,2.97,2.86,54340889,159779404,2.95,2.96
2026/02/06 16:08:06,00372,保德国际发展,PT INTL DEV,,0.28,0.0,0.0,0.28,0.0,0.0,0.0,0,0,0.249,0.0
2026/02/06 16:08:06,00373,联合集团,ALLIED GROUP,,3.07,0.25,8.86525,2.82,2.88,3.09,2.86,4826000,14556360,3.04,3.07
2026/02/06 16:08:06,00374,四洲集团,FOUR SEAS MER,,2.71,0.0,0.0,2.71,0.0,0.0,0.0,0,0,2.71,2.8
2026/02/06 16:08:06,00375,YGM TRADING,YGM TRADING,,0.97,0.03,3.19149,0.94,0.94,0.97,0.94,24000,22860,0.96,0.97
2026/02/06 16:08:06,00376,云锋金融,YUNFENG FIN,,2.98,-0.1,-3.24675,3.08,3.0,3.0,2.88,11154000,32793632,2.98,2.99
2026/02/06 16:08:06,00377,中国华君,CHINA HUAJUN GP,,0.92,0.0,0.0,0.92,0.0,0.0,0.0,0,0,0.66,1.05
2026/02/06 16:08:06,00379,恒嘉融资租赁,EG LEASING,,0.073,0.01,15.87301,0.063,0.065,0.086,0.065,5740000,445300,0.072,0.079
2026/02/06 16:08:06,00380,中国管业,CHINA PIPE,,0.142,0.004,2.89855,0.138,0.135,0.135,0.135,60000,8100,0.142,0.143
2026/02/06 16:08:06,00381,权识国际,AOM INT'L,,0.174,-0.001,-0.57143,0.175,0.176,0.18,0.174,6900000,1217760,0.174,0.179
2026/02/06 16:08:06,00382,中汇集团,EDVANTAGE GROUP,,1.53,0.01,0.65789,1.52,1.52,1.53,1.5,938379,1419137,1.5,1.53
2026/02/06 16:08:06,00383,天安卓健,TIANAN MEDICARE,,0.93,0.0,0.0,0.93,0.0,0.0,0.0,0,0,0.87,1.05
2026/02/06 16:08:06,00384,中国燃气,CHINA GAS HOLD,,7.93,0.07,0.89058,7.86,7.79,7.94,7.79,7007213,55331351,7.91,7.93
2026/02/06 16:08:06,00385,建联集团,CHINNEY ALLI,,0.455,-0.015,-3.19149,0.47,0.465,0.465,0.455,76000,34780,0.455,0.485
2026/02/06 16:08:06,00386,中国石油化工股份,SINOPEC CORP,,5.35,0.04,0.75329,5.31,5.23,5.38,5.21,130514202,694341239,5.34,5.35
2026/02/06 16:08:06,00387,力丰（集团）,LEEPORT(HOLD),,0.72,0.0,0.0,0.72,0.0,0.0,0.0,0,0,0.71,0.74
2026/02/06 16:08:06,00388,香港交易所,HKEX,,407.60001,-6.79999,-1.64093,414.4,408.2,410.6,406.4,7417464,3025654803,407.60001,407.79999
2026/02/06 16:08:06,00389,通天酒业,TONTINE WINES,,0.43,0.0,0.0,0.43,0.0,0.0,0.0,0,0,0.0,0.0
2026/02/06 16:08:06,00390,中国中铁,CHINA RAILWAY,,4.33,-0.08,-1.81406,4.41,4.33,4.37,4.28,19457477,84202289,4.32,4.33
2026/02/06 16:08:06,00391,美亚娱乐资讯,MEI AH ENTER,,0.1,0.0,0.0,0.1,0.1,0.1,0.1,1520000,152000,0.098,0.1
2026/02/06 16:08:06,00392,北京控股,BEIJING ENT,,35.64,-0.28,-0.77951,35.92,36.0,36.0,35.5,631322,22554690,35.6,35.64
2026/02/06 16:08:06,00393,旭日企业,GLORIOUS SUN,,1.36,0.0,0.0,1.36,1.35,1.36,1.35,88000,118960,1.34,1.36
2026/02/06 16:08:06,00396,兴利（香港）控股,HING LEE (HK),,0.111,0.001,0.90909,0.11,0.115,0.115,0.113,96000,10880,0.106,0.111
2026/02/06 16:08:06,00397,嬴集团,MINERVA GROUP,,0.042,-0.002,-4.54546,0.044,0.042,0.043,0.042,270025,11350,0.042,0.044
2026/02/06 16:08:06,00398,东方表行集团,ORIENTAL WATCH,,3.4,-0.02,-0.58479,3.42,3.39,3.42,3.39,638761,2171575,3.38,3.4
2026/02/06 16:08:06,00399,星太链集团,STARCOIN GROUP,,0.061,0.0,0.0,0.061,0.06,0.062,0.057,2750000,163275,0.059,0.061
2026/02/06 16:08:06,00400,硬蛋创新,INGDAN,,3.97,0.05,1.27551,3.92,3.94,4.04,3.82,2922300,11481510,3.97,3.98
2026/02/06 16:08:06,00401,万嘉集团,WANJIA GROUP,,0.097,-0.005,-4.90196,0.102,0.106,0.106,0.09,3583600,336351,0.094,0.1
2026/02/06 16:08:06,00403,星光集团,STARLITE HOLD,,0.145,-0.006,-3.97351,0.151,0.145,0.145,0.145,2000,290,0.145,0.171
2026/02/06 16:08:06,00406,有利集团,YAU LEE HOLD,,0.78,0.0,0.0,0.78,0.0,0.0,0.0,0,0,0.7,0.8
2026/02/06 16:08:06,00408,叶氏化工集团,YIP'S CHEMICAL,,1.9,-0.02,-1.04167,1.92,1.89,1.9,1.88,214000,403940,1.9,1.91
2026/02/06 16:08:06,00410,ＳＯＨＯ中国,SOHO CHINA,,0.54,0.0,0.0,0.54,0.54,0.54,0.53,72000,38765,0.53,0.54
2026/02/06 16:08:06,00411,南顺（香港）,LAM SOON (HK),,12.3,0.0,0.0,12.3,0.0,0.0,0.0,0,0,12.1,12.96
2026/02/06 16:08:06,00412,山高控股,SDHG,,1.49,-0.02,-1.3245,1.51,1.51,1.56,1.44,7550000,11317480,1.48,1.49
2026/02/06 16:08:06,00413,南华集团控股,SC HOLDINGS,,0.034,0.0,1e-05,0.034,0.033,0.034,0.032,115143,3782,0.032,0.034
2026/02/06 16:08:06,00417,谢瑞麟,TSE SUI LUEN,,0.95,0.03,3.26087,0.92,0.95,0.95,0.95,28000,26600,0.92,0.95
2026/02/06 16:08:06,00418,方正控股,FOUNDER HOLD,,0.75,-0.01,-1.31579,0.76,0.71,0.76,0.71,108000,81780,0.75,0.76
2026/02/06 16:08:06,00419,弘毅文化集团,HONY MEDIA,,0.34,-0.01,-2.85714,0.35,0.325,0.35,0.315,400600,130973,0.33,0.34
2026/02/06 16:08:06,00420,福田实业,FOUNTAIN SET,,0.65,-0.02,-2.98508,0.67,0.67,0.67,0.63,250000,162680,0.64,0.65
2026/02/06 16:08:06,00422,越南制造加工出口,VMEP HOLDINGS,,0.275,0.005,1.85185,0.27,0.265,0.275,0.265,53000,14225,0.265,0.275
2026/02/06 16:08:06,00423,经济日报集团,HKET HOLDINGS,,0.8,0.01,1.26582,0.79,0.79,0.8,0.79,40000,31740,0.79,0.8
2026/02/06 16:08:06,00425,敏实集团,MINTH GROUP,,37.06,0.96,2.65928,36.1,36.1,37.9,35.1,6591112,244148820,37.0,37.06
2026/02/06 16:08:06,00426,万华媒体,ONE MEDIA GROUP,,0.08,0.0,0.0,0.08,0.08,0.08,0.08,120000,9508,0.079,0.089
2026/02/06 16:08:06,00428,中国天弓控股,COCOON HOLDINGS,,0.247,0.0,0.0,0.247,0.0,0.0,0.0,0,0,0.237,0.25
2026/02/06 16:08:06,00430,东方兴业控股,ORIENTAL EXPL,,0.42,0.0,0.0,0.42,0.0,0.0,0.0,0,0,0.4,0.43
2026/02/06 16:08:06,00431,大中华金融,G CHINA FIN,,0.01,0.0,0.0,0.01,0.0,0.0,0.0,0,0,0.0,0.0
2026/02/06 16:08:06,00432,盈大地产,PCPD,,0.208,0.001,0.48309,0.207,0.198,0.213,0.197,1425680,293454,0.204,0.208
2026/02/06 16:08:06,00433,北方矿业,NORTH MINING,,0.075,0.0,0.0,0.075,0.073,0.075,0.073,830000,61290,0.073,0.075
2026/02/06 16:08:06,00434,博雅互动,BOYAA,,2.73,-0.15,-5.20833,2.88,2.7,2.83,2.54,8173063,22247666,2.7,2.73
2026/02/06 16:08:06,00436,新宇环保,NU ENVIRO,,0.067,0.0,0.0,0.067,0.0,0.0,0.0,0,0,0.063,0.067
2026/02/06 16:08:06,00438,彩虹新能源,IRICO NEWENERGY,,2.05,-0.05,-2.38096,2.1,2.1,2.1,2.05,10450,21770,2.01,2.1
2026/02/06 16:08:06,00439,瀚源控股,GENESIS SCALE,,1.19,-0.01,-0.83333,1.2,1.19,1.19,1.16,274900,325137,1.15,1.19
2026/02/06 16:08:06,00440,大新金融,DAH SING,,37.1,-0.08,-0.21517,37.18,36.8,37.18,36.76,95745,3545699,36.96,37.12
2026/02/06 16:08:06,00442,域能控股,DOMAINE POWER,,0.82,0.0,0.0,0.82,0.82,0.82,0.82,9000,7380,0.81,0.82
2026/02/06 16:08:06,00444,SINCEREWATCH HK,SINCEREWATCH HK,,0.01,0.0,0.0,0.01,0.0,0.0,0.0,0,0,0.0,0.0
2026/02/06 16:08:06,00450,鸿兴印刷集团,HUNG HING PRINT,,0.93,0.0,0.0,0.93,0.0,0.0,0.0,0,0,0.93,0.94
2026/02/06 16:08:06,00451,协鑫新能源,GCL NEWENERGY,,1.23,-0.09,-6.81818,1.32,1.31,1.31,1.22,8861978,11136257,1.22,1.23
2026/02/06 16:08:06,00455,天大药业,TIANDA PHARMA,,0.101,0.0,0.0,0.101,0.0,0.0,0.0,0,0,0.098,0.11
2026/02/06 16:08:06,00456,新城市建设发展,NEW CITY DEV,,0.445,0.0,0.0,0.445,0.0,0.0,0.0,0,0,0.415,0.6
2026/02/06 16:08:06,00458,联亚集团,TRISTATE HOLD,,1.79,0.0,0.0,1.79,1.79,1.79,1.79,100000,179000,0.0,1.79
2026/02/06 16:08:06,00459,鋑联控股,LEGEND UPSTAR,,0.116,0.001,0.86956,0.115,0.115,0.117,0.111,652900,75005,0.114,0.118
2026/02/06 16:08:06,00460,四环医药,SIHUAN PHARM,,1.64,-0.01,-0.60606,1.65,1.65,1.65,1.59,33888000,55066215,1.63,1.64
2026/02/06 16:08:06,00464,中国智能科技,CHINA IN-TECH,,1.11,0.05,4.71698,1.06,1.14,1.22,1.09,3344000,3833560,1.1,1.13
2026/02/06 16:08:06,00465,富通科技,FUTONG TECH,,0.68,0.0,0.0,0.68,0.0,0.0,0.0,0,0,0.62,0.68
2026/02/06 16:08:06,00467,联合能源集团,UNITEDENERGY GP,,0.6,0.04,7.14286,0.56,0.54,0.6,0.54,92094000,53172940,0.59,0.6
2026/02/06 16:08:06,00468,纷美包装,GAPACK,,2.28,0.0,0.0,2.28,0.0,0.0,0.0,0,0,0.0,0.0
2026/02/06 16:08:06,00471,中播数据,SILKWAVE INC,,0.53,-0.03,-5.35715,0.56,0.7,0.7,0.53,511650,276395,0.53,0.55
2026/02/06 16:08:06,00472,新丝路文旅,NEW SILKROAD,,0.325,0.015,4.83871,0.31,0.31,0.34,0.31,1450000,454100,0.305,0.33
2026/02/06 16:08:06,00474,信铭生命科技,ACESO LIFE SCI,,0.119,0.002,1.7094,0.117,0.117,0.119,0.117,42000,4962,0.117,0.12
2026/02/06 16:08:06,00475,中发展控股,CENTRAL DEV H,,0.48,0.0,0.0,0.48,0.355,0.56,0.355,132000,63570,0.38,0.48
2026/02/06 16:08:06,00476,科轩动力控股,EV DYNAMICS,,0.79,0.0,0.0,0.79,0.0,0.0,0.0,0,0,0.77,0.82
2026/02/06 16:08:06,00480,香港兴业国际,HKR INT'L,,1.19,0.0,1e-05,1.19,1.17,1.19,1.17,125600,147208,1.16,1.19
2026/02/06 16:08:06,00482,圣马丁国际,SANDMARTIN INTL,,0.077,0.0,0.0,0.077,0.0,0.0,0.0,0,0,0.07,0.081
2026/02/06 16:08:06,00483,包浩斯国际,BAUHAUS INT'L,,0.29,0.0,0.0,0.29,0.0,0.0,0.0,0,0,0.28,0.33
2026/02/06 16:08:06,00484,云游控股,FORGAME,,0.81,-0.01,-1.21951,0.82,0.81,0.81,0.8,126000,101460,0.81,0.83
2026/02/06 16:08:06,00485,中国华星,CHINASINOSTAR,,0.43,0.0,0.0,0.43,0.0,0.0,0.0,0,0,0.395,0.43
2026/02/06 16:08:06,00486,俄铝,RUSAL,,5.3,-0.17,-3.10786,5.47,5.45,5.44,5.26,2045000,10869320,5.3,5.31
2026/02/06 16:08:06,00487,实德环球,SUCCESSUNIVERSE,,0.056,-0.003,-5.08474,0.059,0.056,0.056,0.056,84000,4704,0.056,0.059
2026/02/06 16:08:06,00488,丽新发展,LAI SUN DEV,,0.64,0.0,0.0,0.64,0.64,0.0,0.0,300,192,0.61,0.65
2026/02/06 16:08:06,00489,东风集团股份,DONGFENG GROUP,,8.96,-0.04,-0.44444,9.0,8.94,9.02,8.92,4172202,37422967,8.96,8.97
2026/02/06 16:08:06,00491,英皇文化产业,EMPEROR CULTURE,,0.033,-0.001,-2.94118,0.034,0.033,0.033,0.033,700000,23100,0.032,0.034
2026/02/06 16:08:06,00493,国美零售,GOME RETAIL,,0.016,0.001,6.66667,0.015,0.016,0.016,0.015,18507008,284349,0.015,0.016
2026/02/06 16:08:06,00495,PALADIN,PALADIN,,0.012,0.0,0.0,0.012,0.0,0.0,0.0,0,0,0.0,0.0
2026/02/06 16:08:06,00496,卡森国际,KASEN,,0.36,0.0,0.0,0.36,0.36,0.36,0.36,105000,37800,0.325,0.36
2026/02/06 16:08:06,00497,资本策略地产,CSI PROPERTIES,,0.21,0.005,2.43902,0.205,0.207,0.211,0.205,1900000,396380,0.207,0.21
2026/02/06 16:08:06,00498,蓝河控股,BLUE RIVER HLDG,,0.18,-0.008,-4.25532,0.188,0.172,0.185,0.172,110000,19840,0.172,0.182
2026/02/06 16:08:06,00499,青岛控股,QINGDAO HLDGS,,0.12,-0.003,-2.43903,0.123,0.0,0.0,0.0,0,0,0.117,0.12
2026/02/06 16:08:06,00500,先丰服务集团,FRONTIER SER,,0.071,0.0,0.0,0.071,0.071,0.071,0.071,101188,7182,0.068,0.071
2026/02/06 16:08:06,00501,豪威集团,OMNIVISION,,104.8,-0.2,-0.19047,105.0,105.0,105.0,104.6,623800,65367260,104.7,104.8
2026/02/06 16:08:06,00505,兴业合金,XINGYE ALLOY,,0.98,0.0,0.0,0.98,0.98,0.98,0.98,10000,9800,0.97,1.0
2026/02/06 16:08:06,00506,中国食品,CHINA FOODS,,4.25,0.02,0.47281,4.23,4.19,4.26,4.18,1988000,8437176,4.25,4.26
2026/02/06 16:08:06,00508,鼎亿集团投资,DINGYI GP INV,,0.72,0.01,1.40846,0.71,0.69,0.72,0.67,681000,469700,0.68,0.72
2026/02/06 16:08:06,00509,世纪阳光,SUNSHINE,,0.17,0.0,0.0,0.17,0.0,0.0,0.0,0,0,0.0,0.0
2026/02/06 16:08:06,00510,时富金融服务集团,CASH FIN SER GP,,0.61,-0.03,-4.6875,0.64,0.65,0.65,0.6,192000,119460,0.6,0.63
2026/02/06 16:08:06,00511,电视广播,TVB,,2.92,0.0,0.0,2.92,2.92,2.92,2.87,839600,2428844,2.9,2.92
2026/02/06 16:08:06,00512,远大医药,GRAND PHARMA,,7.89,-0.04,-0.50442,7.93,7.85,7.94,7.81,3594000,28276751,7.88,7.89
2026/02/06 16:08:06,00513,恒和集团,CONTINENTAL H,,0.139,0.0,0.0,0.139,0.0,0.0,0.0,0,0,0.122,0.148
2026/02/06 16:08:06,00515,中华银科技,CHINASILVER TEC,,0.173,0.0,0.0,0.173,0.0,0.0,0.0,0,0,0.0,0.0
2026/02/06 16:08:06,00517,中远海运国际,COSCO SHIP INTL,,6.78,-0.09,-1.31004,6.87,6.87,6.87,6.74,1173000,7958590,6.78,6.79
2026/02/06 16:08:06,00518,同得仕（集团）,TUNGTEX (HOLD),,0.195,0.0,0.0,0.195,0.0,0.0,0.0,4000,780,0.19,0.205
2026/02/06 16:08:06,00519,诺科达科技,NOVAUTEK,,0.205,-0.003,-1.44231,0.208,0.208,0.208,0.205,1030000,211680,0.205,0.208
2026/02/06 16:08:06,00520,呷哺呷哺,XIABUXIABU,,0.77,-0.01,-1.28205,0.78,0.78,0.78,0.76,849000,652540,0.76,0.77
2026/02/06 16:08:06,00521,CWT INT'L,CWT INT'L,,0.29,0.0,0.0,0.29,0.29,0.295,0.29,6638000,1933740,0.29,0.295
2026/02/06 16:08:06,00522,ASMPT,ASMPT,,98.45,2.15,2.2326,96.3,95.25,100.0,94.6,2271189,221819157,98.45,98.5
2026/02/06 16:08:06,00524,长城天下,GW TERROIR,,0.33,0.0,0.0,0.33,0.0,0.0,0.0,5749,1511,0.26,0.33
2026/02/06 16:08:06,00525,广深铁路股份,GUANGSHEN RAIL,,2.16,0.0,0.0,2.16,2.17,2.18,2.14,3064000,6626580,2.16,2.17
2026/02/06 16:08:06,00526,利时集团控股,LISI GP HOLD,,0.082,-0.006,-6.81818,0.088,0.083,0.085,0.082,2020000,168314,0.082,0.087
2026/02/06 16:08:06,00527,瑞风新能源,RUIFENG RENEW,,0.57,-0.01,-1.72414,0.58,0.58,0.58,0.57,384000,219840,0.55,0.57
2026/02/06 16:08:06,00528,金达控股,KINGDOM HOLDING,,1.11,-0.01,-0.89286,1.12,0.0,0.0,0.0,0,0,0.99,1.11
2026/02/06 16:08:06,00529,SIS INT'L,SIS INT'L,,2.16,0.01,0.46512,2.15,2.17,2.17,2.16,42000,90740,2.12,2.16
2026/02/06 16:08:06,00532,WKK INTL (HOLD),WKK INTL (HOLD),,0.295,0.0,0.0,0.295,0.0,0.0,0.0,0,0,0.29,0.32
2026/02/06 16:08:06,00533,金利来集团,GOLDLION HOLD,,0.96,-0.01,-1.03093,0.97,0.96,0.97,0.96,802000,775920,0.96,0.97
2026/02/06 16:08:06,00535,金地商置,GEMDALE PPT,,0.184,0.003,1.65746,0.181,0.177,0.184,0.166,2652000,473636,0.181,0.184
2026/02/06 16:08:06,00536,贸易通,TRADELINK,,1.08,0.0,0.0,1.08,1.08,1.08,1.06,642000,689520,1.07,1.08
2026/02/06 16:08:06,00538,味千（中国）,AJISEN (CHINA),,0.91,0.01,1.11111,0.9,0.9,0.91,0.89,384000,343360,0.89,0.91
2026/02/06 16:08:06,00540,迅捷环球控股,SPEEDY GLOBAL,,0.2,0.0,0.0,0.2,0.0,0.0,0.0,0,0,0.188,0.209
2026/02/06 16:08:06,00542,中国文旅农业,CN CULTURAL T&A,,1.32,-0.01,-0.75188,1.33,1.3,1.32,1.28,1120000,1468880,1.26,1.32
2026/02/06 16:08:06,00543,太平洋网络,PACIFIC ONLINE,,0.34,0.0,0.0,0.34,0.0,0.0,0.0,0,0,0.33,0.34
2026/02/06 16:08:06,00544,大同集团,DAIDO GROUP,,1.72,0.0,0.0,1.72,0.0,0.0,0.0,0,0,1.7,1.93
2026/02/06 16:08:06,00546,阜丰集团,FUFENG GROUP,,9.1,0.25,2.82486,8.85,8.73,9.19,8.67,4626109,41905558,9.08,9.1
2026/02/06 16:08:06,00547,数字王国,DIGITAL DOMAIN,,0.3,-0.005,-1.63934,0.305,0.31,0.31,0.3,64000,19685,0.3,0.31
2026/02/06 16:08:06,00548,深圳高速公路股份,SHENZHENEXPRESS,,7.59,-0.02,-0.26281,7.61,7.6,7.66,7.59,1198000,9133380,7.59,7.63
2026/02/06 16:08:06,00550,律齐文化,ALLEGRO CULTURE,,0.28,0.0,0.0,0.28,0.28,0.29,0.275,510000,142670,0.275,0.285
2026/02/06 16:08:06,00551,裕元集团,YUE YUEN IND,,17.68,0.08,0.45455,17.6,17.3,17.68,17.3,2485830,43690139,17.66,17.68
2026/02/06 16:08:06,00552,中国通信服务,CHINACOMSERVICE,,4.45,-0.09,-1.98238,4.54,4.58,4.58,4.45,10084896,45166394,4.45,4.46
2026/02/06 16:08:06,00553,南京熊猫电子股份,NANJING PANDA,,5.18,-0.15,-2.81426,5.33,5.24,5.32,5.16,4526000,23713680,5.18,5.19
2026/02/06 16:08:06,00554,汉思集团控股,HANS GP HLDGS,,0.22,-0.006,-2.65487,0.226,0.226,0.226,0.22,212000,47852,0.22,0.223
2026/02/06 16:08:06,00556,泛亚环保,PAN ASIA ENVIRO,,0.61,0.02,3.38983,0.59,0.59,0.61,0.59,220000,130800,0.6,0.61
2026/02/06 16:08:06,00557,天元医疗,TIANYUAN HEALTH,,0.7,0.0,0.0,0.7,0.0,0.0,0.0,0,0,0.61,0.78
2026/02/06 16:08:06,00558,力劲科技,LK TECH,,3.18,-0.02,-0.625,3.2,3.19,3.2,3.09,1157500,3664825,3.16,3.18
2026/02/06 16:08:06,00559,德泰新能源集团,DETAI NEWENERGY,,0.092,0.001,1.0989,0.091,0.092,0.092,0.092,90000,8280,0.092,0.108
2026/02/06 16:08:06,00560,珠江船务,CHU KONG SHIP,,0.75,0.01,1.35135,0.74,0.74,0.75,0.73,240000,177360,0.74,0.75
2026/02/06 16:08:06,00563,上实城市开发,SH IND URBAN,,0.3,-0.015,-4.7619,0.315,0.305,0.31,0.3,3313200,1010010,0.3,0.305
2026/02/06 16:08:06,00564,中创智领,ZCZL,,22.42,0.22,0.99099,22.2,22.16,22.76,21.68,2205000,49360517,22.38,22.42
2026/02/06 16:08:06,00565,锦艺集团控股,ART GROUP HOLD,,1.5,0.0,0.0,1.5,1.5,1.59,1.49,13905500,21553885,1.5,1.54
2026/02/06 16:08:06,00567,大昌微线集团,DAISHOMICROLINE,,0.097,0.0,0.0,0.097,0.0,0.0,0.0,0,0,0.093,0.105
2026/02/06 16:08:06,00568,山东墨龙,SHANDONG MOLONG,,4.05,0.23,6.02095,3.82,3.73,4.18,3.72,74053200,298733778,4.05,4.06
2026/02/06 16:08:06,00570,中国中药,TRAD CHI MED,,2.07,0.0,0.0,2.07,2.15,2.24,2.07,87958000,188515040,2.07,2.08
2026/02/06 16:08:06,00571,丰德丽控股,ESUN HOLDINGS,,0.048,-0.003,-5.88235,0.051,0.048,0.049,0.048,358666,17241,0.048,0.05
2026/02/06 16:08:06,00572,未来世界控股,FW HOLDINGS,,0.475,0.015,3.26087,0.46,0.475,0.475,0.475,5000,2335,0.46,0.51
2026/02/06 16:08:06,00573,稻香控股,TAO HEUNG HLDGS,,0.315,0.005,1.6129,0.31,0.31,0.31,0.3,42000,13010,0.31,0.32
2026/02/06 16:08:06,00574,百信国际,PASHUN INT'L,,0.063,-0.002,-3.07692,0.065,0.068,0.068,0.059,3312000,211322,0.06,0.063
2026/02/06 16:08:06,00575,励晶太平洋,REGENT PACIFIC,,0.96,0.01,1.05263,0.95,0.0,0.0,0.0,0,0,0.96,1.04
2026/02/06 16:08:06,00576,浙江沪杭甬,ZHEJIANGEXPRESS,,7.47,-0.08,-1.05961,7.55,7.53,7.56,7.42,7764905,58098514,7.43,7.47
2026/02/06 16:08:06,00579,京能清洁能源,JNCEC,,2.26,-0.02,-0.87719,2.28,2.26,2.28,2.23,7802000,17586640,2.26,2.28
2026/02/06 16:08:06,00580,赛晶科技,SUN.KING TECH,,1.81,-0.03,-1.63044,1.84,1.84,1.89,1.76,4514000,8272830,1.81,1.82
2026/02/06 16:08:06,00581,中国东方集团,CHINA ORIENTAL,,1.44,-0.03,-2.04081,1.47,1.44,1.46,1.43,1102000,1591480,1.44,1.45
2026/02/06 16:08:06,00582,神话世界,SHIN HWA WORLD,,0.139,0.0,0.0,0.139,0.14,0.147,0.139,404400,57157,0.138,0.147
2026/02/06 16:08:06,00583,长城环亚控股,GWPA HOLDINGS,,0.239,-0.009,-3.62904,0.248,0.0,0.0,0.0,0,0,0.0,0.239
2026/02/06 16:08:06,00585,意力国际,IMAGI INT'L,,0.9,0.05,5.88235,0.85,0.9,0.9,0.9,40000,36000,0.85,0.9
2026/02/06 16:08:06,00586,海螺创业,CONCH VENTURE,,10.62,-0.08,-0.74767,10.7,10.71,10.73,10.32,4756118,50239160,10.61,10.62
2026/02/06 16:08:06,00587,海螺环保,CONCH ENVIRO,,0.52,0.01,1.96078,0.51,0.51,0.52,0.5,4756500,2430025,0.52,0.53
2026/02/06 16:08:06,00588,北京北辰实业股份,BEIJING N STAR,,0.81,0.0,0.0,0.81,0.81,0.81,0.8,2492000,2013120,0.8,0.81
2026/02/06 16:08:06,00590,六福集团,LUK FOOK HOLD,,32.44,-0.32,-0.97681,32.76,32.3,32.92,32.1,1730182,56337690,32.42,32.44
2026/02/06 16:08:06,00591,中国高精密,C HIGHPRECISION,,0.36,-0.005,-1.36986,0.365,0.35,0.36,0.35,1475000,521100,0.35,0.36
2026/02/06 16:08:06,00595,AV CONCEPT HOLD,AV CONCEPT HOLD,,0.39,0.0,0.0,0.39,0.39,0.39,0.385,330000,128570,0.385,0.395
2026/02/06 16:08:06,00596,浪潮数字企业,INSPUR DIGI ENT,,4.4,-0.15,-3.2967,4.55,4.5,4.55,4.26,3628000,16044278,4.4,4.41
2026/02/06 16:08:06,00598,中国外运,SINOTRANS,,5.33,0.0,0.0,5.33,5.33,5.34,5.22,4003112,21234653,5.32,5.33
2026/02/06 16:08:06,00599,怡邦行控股,E. BON HOLDINGS,,0.175,0.0,0.0,0.175,0.175,0.175,0.175,24000,4120,0.175,0.183
2026/02/06 16:08:06,00601,稀镁科技,REMT,,0.088,0.0,0.0,0.088,0.09,0.09,0.084,1120000,97510,0.088,0.089
2026/02/06 16:08:06,00602,佳华百货控股,JIAHUA STORES H,,0.054,0.001,1.8868,0.053,0.05,0.054,0.05,237500,12020,0.049,0.054
2026/02/06 16:08:06,00603,中油燃气,CHINA OIL & GAS,,0.167,-0.004,-2.33918,0.171,0.17,0.171,0.167,2360000,399900,0.166,0.176
2026/02/06 16:08:06,00604,深圳控股,SHENZHEN INVEST,,0.87,0.0,0.0,0.87,0.87,0.87,0.86,3588678,3102053,0.86,0.87
2026/02/06 16:08:06,00605,中国金融投资管理,C FIN SERVICES,,0.87,0.04,4.81928,0.83,0.81,0.87,0.81,14000,11660,0.83,0.87
2026/02/06 16:08:06,00606,中骏商管,SCE CM,,0.315,-0.015,-4.54546,0.33,0.0,0.0,0.0,0,0,0.305,0.315
2026/02/06 16:08:06,00607,丰盛控股,FULLSHARE,,1.88,-0.01,-0.5291,1.89,1.82,1.88,1.78,5594900,10211529,1.86,1.88
2026/02/06 16:08:06,00608,达利国际,HIGH FASHION,,1.39,-0.11,-7.33333,1.5,1.39,1.39,1.39,20000,27800,1.38,1.5
2026/02/06 16:08:06,00609,天德化工,TIANDE CHEMICAL,,1.61,0.03,1.89874,1.58,1.6,1.61,1.58,56000,89320,1.61,1.64
2026/02/06 16:08:06,00610,WAI KEE HOLD,WAI KEE HOLD,,0.91,0.02,2.24719,0.89,0.91,0.91,0.91,2195,1997,0.88,0.91
2026/02/06 16:08:06,00611,中国核能科技,CNE TECH CORP,,0.445,-0.005,-1.11111,0.45,0.45,0.45,0.445,1378000,616100,0.445,0.45
2026/02/06 16:08:06,00612,嘉文世纪投资公司,CARMEN CENTURY,,0.335,0.0,0.0,0.335,0.0,0.0,0.0,0,0,0.0,0.0
2026/02/06 16:08:06,00613,梧桐国际,PLANETREE INT'L,,1.18,0.11,10.28037,1.07,1.05,1.18,1.04,214000,230000,1.09,1.38
2026/02/06 16:08:06,00616,高山企业,EMINENCE ENT,,0.325,0.005,1.5625,0.32,0.32,0.34,0.315,3360000,1086925,0.32,0.325
2026/02/06 16:08:06,00617,百利保控股,PALIBURG HOLD,,0.247,-0.003,-1.2,0.25,0.248,0.248,0.236,2602000,618160,0.237,0.247
2026/02/06 16:08:06,00618,北大资源,PKU RESOURCES,,0.228,-0.002,-0.86957,0.23,0.222,0.23,0.219,488000,109704,0.228,0.23
2026/02/06 16:08:06,00619,南华金融,SOUTH CHINA FIN,,0.35,0.0,0.0,0.35,0.0,0.0,0.0,0,0,0.335,0.395
2026/02/06 16:08:06,00620,大唐西市,DTXS SILK ROAD,,0.45,0.01,2.27273,0.44,0.48,0.48,0.415,146000,67200,0.45,0.465
2026/02/06 16:08:06,00621,坛金矿业,TAUNG GOLD,,0.495,-0.005,-1.0,0.5,0.49,0.5,0.48,2991000,1462690,0.49,0.495
2026/02/06 16:08:06,00622,威华达控股,OSHIDORI,,1.0,0.08,8.69565,0.92,0.92,1.05,0.9,4555947,4434936,1.0,1.02
2026/02/06 16:08:06,00623,中视金桥,SINOMEDIA,,1.99,0.01,0.50505,1.98,1.98,1.99,1.95,144000,285660,1.96,1.99
2026/02/06 16:08:06,00626,大众金融控股,PUBLIC FIN HOLD,,1.47,-0.02,-1.34228,1.49,1.47,1.47,1.46,216000,316860,1.46,1.47
2026/02/06 16:08:06,00627,共生智筑,VISION SYNERGY,,0.49,0.0,0.0,0.49,0.0,0.0,0.0,64,28,0.37,0.5
2026/02/06 16:08:06,00628,通通ＡＩ社交,TONGTONG AI SOC,,0.195,0.0,0.0,0.195,0.195,0.195,0.195,16000,3120,0.186,0.195
2026/02/06 16:08:06,00629,悦达国际控股,YUE DA INTL,,0.3,0.0,0.0,0.3,0.0,0.0,0.0,0,0,0.28,0.3
2026/02/06 16:08:06,00630,隽泰控股,AMCO UNITED,,0.25,0.0,0.0,0.25,0.0,0.0,0.0,0,0,0.25,0.275
2026/02/06 16:08:06,00631,三一国际,SANY INT'L,,13.54,0.64,4.96124,12.9,12.8,13.57,12.51,20981508,279397091,13.53,13.54
2026/02/06 16:08:06,00632,中港石油,CHK OIL,,0.221,-0.015,-6.35593,0.236,0.235,0.24,0.221,19474120,4502585,0.219,0.221
2026/02/06 16:08:06,00635,彩星集团,PLAYMATES,,0.5,0.01,2.04082,0.49,0.495,0.5,0.495,62000,30740,0.495,0.5
2026/02/06 16:08:06,00636,KLN,KLN,,7.02,-0.07,-0.98731,7.09,7.03,7.07,6.97,383066,2688826,6.99,7.02
2026/02/06 16:08:06,00637,利记,LEE KEE,,0.22,0.0,0.0,0.22,0.22,0.22,0.22,266000,58520,0.211,0.22
2026/02/06 16:08:06,00638,广和通,FIBOCOM,,13.95,-0.13,-0.9233,14.08,14.09,14.24,13.85,1449200,20397024,13.95,14.0
2026/02/06 16:08:06,00639,首钢资源,SHOUGANG RES,,3.28,0.01,0.30581,3.27,3.22,3.3,3.16,9834725,31808335,3.24,3.28
2026/02/06 16:08:06,00640,星谦发展,INFINITY DEV,,2.52,-0.24,-8.69565,2.76,2.65,2.66,2.52,424000,1098380,2.52,2.64
2026/02/06 16:08:06,00641,中国恒天立信国际,CHTC FONG'S INT,,0.3,0.01,3.44828,0.29,0.29,0.3,0.265,28000,7610,0.265,0.3
2026/02/06 16:08:06,00643,恒富控股,CARRY WEALTH,,0.238,0.0,0.0,0.238,0.238,0.238,0.238,120000,28560,0.231,0.239
2026/02/06 16:08:06,00645,安域亚洲,ARES ASIA,,0.173,0.003,1.7647,0.17,0.165,0.178,0.165,24000,4002,0.15,0.173
2026/02/06 16:08:06,00646,中国环保科技,CHINA ENV TEC,,0.157,0.0,0.0,0.157,0.0,0.0,0.0,0,0,0.15,0.165
2026/02/06 16:08:06,00648,京玖康疗,SOFTMEDX,,0.192,-0.002,-1.03093,0.194,0.185,0.198,0.185,537125,101309,0.185,0.193
2026/02/06 16:08:06,00650,普达特科技,PRODUCTIVE TECH,,0.24,0.013,5.72687,0.227,0.225,0.242,0.225,4478000,1064982,0.24,0.241
2026/02/06 16:08:06,00653,卓悦控股,BONJOUR HOLD,,0.127,0.003,2.41936,0.124,0.123,0.128,0.109,16916500,1979305,0.118,0.128
2026/02/06 16:08:06,00655,香港华人有限公司,HK CHINESE LTD,,0.305,-0.005,-1.6129,0.31,0.305,0.305,0.305,34634,10550,0.305,0.31
2026/02/06 16:08:06,00656,复星国际,FOSUN INTL,,3.95,-0.1,-2.46914,4.05,3.99,4.0,3.94,10171952,40329261,3.95,3.96
2026/02/06 16:08:06,00657,环科国际,G-VISION INT'L,,0.043,0.0,0.0,0.043,0.038,0.044,0.038,644000,24992,0.038,0.043
2026/02/06 16:08:06,00658,中国高速传动,C TRANSMISSION,,1.97,0.02,1.02564,1.95,1.9,1.97,1.89,962000,1872433,1.95,1.97
2026/02/06 16:08:06,00659,周大福创建,CTF SERVICES,,9.17,0.07,0.76923,9.1,9.1,9.24,9.02,2824604,25926817,9.17,9.18
2026/02/06 16:08:06,00660,玮俊生物科技,WAI CHUN BIOTEC,,0.202,0.0,0.0,0.202,0.0,0.0,0.0,0,0,0.183,0.218
2026/02/06 16:08:06,00661,中国大冶有色金属,CDAYENONFER,,0.167,-0.01,-5.64972,0.177,0.17,0.174,0.161,43164000,7229246,0.167,0.168
2026/02/06 16:08:06,00662,亚洲金融,ASIA FINANCIAL,,4.88,-0.01,-0.2045,4.89,0.0,0.0,0.0,0,0,4.83,4.88
2026/02/06 16:08:06,00663,金山能源,KING STONE ENGY,,0.102,0.0,0.0,0.102,0.0,0.0,0.0,0,0,0.0,0.0
2026/02/06 16:08:06,00666,瑞浦兰钧,REPT BATTERO,,13.27,0.56,4.40598,12.71,12.72,13.75,12.59,10263927,136884753,13.24,13.27
2026/02/06 16:08:06,00667,中国东方教育,CHINA EAST EDU,,5.48,-0.11,-1.9678,5.59,5.44,5.62,5.44,3458500,19091637,5.45,5.48
2026/02/06 16:08:06,00669,创科实业,TECHTRONIC IND,,112.1,-1.3,-1.14639,113.4,111.5,112.3,110.6,7536440,841544520,111.9,112.1
2026/02/06 16:08:04,00670,中国东方航空股份,CHINA EAST AIR,,6.31,-0.02,-0.31596,6.33,6.33,6.38,6.17,25092648,157602612,6.3,6.31
2026/02/06 16:08:06,00672,众安集团,ZHONGAN GROUP,,0.121,0.002,1.68067,0.119,0.113,0.121,0.113,2301800,269820,0.12,0.121
2026/02/06 16:08:06,00673,中国卫生集团,CHINA HEALTH,,0.64,-0.03,-4.47761,0.67,0.64,0.64,0.64,138240,88468,0.61,0.64
2026/02/06 16:08:06,00674,中国唐商,CHINA TANGSHANG,,0.069,-0.004,-5.47945,0.073,0.069,0.069,0.069,5000,339,0.069,0.072
2026/02/06 16:08:06,00675,坚宝国际,K & P INT'L,,0.41,0.0,0.0,0.41,0.0,0.0,0.0,0,0,0.375,0.43
2026/02/06 16:08:06,00676,创信国际,PEGASUS INT'L,,0.98,-0.04,-3.92157,1.02,0.99,0.99,0.98,6000,5900,0.96,1.15
2026/02/06 16:08:06,00677,金源发展国际实业,GOLDEN RES DEV,,0.355,0.005,1.42857,0.35,0.35,0.355,0.35,1050000,368600,0.35,0.355
2026/02/06 16:08:06,00679,亚洲联网科技,ASIA TELE-NET,,1.25,-0.1,-7.40741,1.35,1.36,1.48,1.25,640000,853700,1.24,1.25
2026/02/06 16:08:06,00681,中民控股,CHI PEOPLE HOLD,,0.035,0.0,0.0,0.035,0.035,0.038,0.033,9804697,347613,0.034,0.035
2026/02/06 16:08:06,00682,超大现代,CHAODA MODERN,,0.28,-0.01,-3.44828,0.29,0.28,0.28,0.28,20100,5625,0.27,0.28
2026/02/06 16:08:06,00683,嘉里建设,KERRY PPT,,24.4,-0.26,-1.05434,24.66,24.86,24.86,24.04,1435530,34973907,24.38,24.4
2026/02/06 16:08:06,00684,亚伦国际,ALLAN INT'L,,0.56,0.0,0.0,0.56,0.0,0.0,0.0,0,0,0.53,0.56
2026/02/06 16:08:06,00685,世界华文媒体,MEDIA CHINESE,,0.208,0.0,0.0,0.208,0.208,0.208,0.208,9000,1872,0.201,0.208
2026/02/06 16:08:06,00686,北京能源国际,BJ ENERGY INTL,,1.16,-0.04,-3.33334,1.2,1.2,1.2,1.15,4984000,5786440,1.16,1.19
2026/02/06 16:08:06,00687,泰升集团,TYSAN HOLDINGS,,0.33,0.0,0.0,0.33,0.33,0.335,0.33,200000,66050,0.33,0.335
2026/02/06 16:08:04,00688,中国海外发展,CHINA OVERSEAS,,14.41,-0.32,-2.17244,14.73,14.28,14.58,14.18,18483302,266959099,14.41,14.42
2026/02/06 16:08:06,00689,长盈集团（控股）,EPI (HOLDINGS),,0.19,0.0,0.0,0.19,0.19,0.19,0.19,360000,68400,0.181,0.189
2026/02/06 16:08:06,00690,联康生物科技集团,UNI-BIO GROUP,,0.111,0.003,2.77778,0.108,0.107,0.111,0.106,4220000,455020,0.109,0.111
2026/02/06 16:08:06,00691,山水水泥,SHANSHUI CEMENT,,0.52,-0.01,-1.8868,0.53,0.52,0.52,0.52,5000,2600,0.52,0.58
2026/02/06 16:08:06,00693,陈唱国际,TAN CHONG INT'L,,1.8,-0.01,-0.55249,1.81,1.8,1.8,1.8,6000,10800,1.8,1.86
2026/02/06 16:08:06,00694,北京首都机场股份,BEIJING AIRPORT,,2.57,0.01,0.39062,2.56,2.57,2.58,2.55,6780000,17383180,2.56,2.57
2026/02/06 16:08:06,00695,东吴水泥,DONGWU CEMENT,,9.53,0.03,0.31579,9.5,9.48,9.6,9.3,734000,6942900,9.4,9.53
2026/02/06 16:08:06,00696,中国民航信息网络,TRAVELSKY TECH,,10.63,-0.04,-0.37488,10.67,10.6,10.66,10.54,3358200,35578584,10.62,10.63
2026/02/06 16:08:06,00697,首程控股,SHOUCHENG,,1.99,0.0,0.0,1.99,1.99,2.0,1.95,21827850,43219749,1.98,1.99
2026/02/06 16:08:06,00698,通达集团,TONGDA GROUP,,3.89,0.23,6.28416,3.66,3.79,3.98,3.75,1054202,4089938,3.84,3.89
2026/02/06 16:08:06,00699,均胜电子,JOYSON ELEC,,16.97,-0.03,-0.17648,17.0,16.77,17.26,16.71,1043500,17768430,16.85,16.97
2026/02/06 16:08:06,00700,腾讯控股,TENCENT,,547.5,-11.0,-1.96956,558.5,546.0,557.5,543.0,35402860,19472346757,547.0,547.5
2026/02/06 16:08:06,00701,CNT GROUP,CNT GROUP,,0.185,-0.005,-2.63158,0.19,0.185,0.185,0.185,120000,22200,0.185,0.21
2026/02/06 16:08:06,00702,中国油气控股,SINO OIL & GAS,,0.034,0.0,1e-05,0.034,0.0,0.0,0.0,0,0,0.0,0.0
2026/02/06 16:08:06,00703,FUTURE BRIGHT,FUTURE BRIGHT,,0.129,0.0,-1e-05,0.129,0.0,0.0,0.0,0,0,0.126,0.129
2026/02/06 16:08:06,00704,和嘉控股,HUSCOKE HLDGS,,0.152,0.016,11.7647,0.136,0.126,0.174,0.126,1632098,252647,0.152,0.159
2026/02/06 16:08:06,00707,亚洲电视控股,ATV HOLDINGS,,0.06,0.0,0.0,0.06,0.0,0.0,0.0,0,0,0.0,0.0
2026/02/06 16:08:06,00708,恒大汽车,EVERG VEHICLE,,0.17,0.0,0.0,0.17,0.0,0.0,0.0,0,0,0.0,0.0
2026/02/06 16:08:06,00709,佐丹奴国际,GIORDANO INT'L,,1.51,-0.01,-0.6579,1.52,1.52,1.52,1.5,496130,746957,1.5,1.51
2026/02/06 16:08:06,00710,京东方精电,BOE VARITRONIX,,4.84,-0.05,-1.02249,4.89,4.76,4.86,4.75,968000,4662460,4.83,4.84
2026/02/06 16:08:06,00711,亚洲联合基建控股,ASIA ALLIED INF,,0.425,-0.005,-1.16279,0.43,0.425,0.43,0.425,590000,250760,0.42,0.425
2026/02/06 16:08:06,00712,卡姆丹克太阳能,COMTEC SOLAR,,0.126,0.0,0.0,0.126,0.132,0.132,0.126,70000,9060,0.126,0.131
2026/02/06 16:08:06,00713,世界（集团）,WORLD HOUSEWARE,,0.42,0.0,0.0,0.42,0.425,0.425,0.425,240000,102000,0.41,0.42
2026/02/06 16:08:06,00716,胜狮货柜,SINGAMAS CONT,,0.67,0.01,1.51515,0.66,0.65,0.67,0.65,6908000,4540540,0.65,0.67
2026/02/06 16:08:06,00717,英皇资本,EMPEROR CAPITAL,,0.094,0.002,2.17391,0.092,0.092,0.094,0.092,3828000,355278,0.093,0.094
2026/02/06 16:08:06,00718,太和控股,TAI UNITED HOLD,,0.033,0.0,0.0,0.033,0.032,0.032,0.032,20000,640,0.033,0.034
2026/02/06 16:08:06,00719,山东新华制药股份,SHANDONG XINHUA,,6.95,0.05,0.72464,6.9,6.9,7.15,6.88,1552000,10901160,6.94,6.95
2026/02/06 16:08:06,00720,意达利控股,AUTO ITALIA,,0.3,-0.01,-3.2258,0.31,0.3,0.3,0.3,25000,7500,0.29,0.3
2026/02/06 16:08:06,00721,中国金融国际,C FIN INT INV,,0.048,-0.002,-4.0,0.05,0.05,0.05,0.048,1980000,97490,0.048,0.049
2026/02/06 16:08:06,00722,联合医务,UMP,,0.465,0.0,0.0,0.465,0.465,0.465,0.465,10000,4650,0.465,0.48
2026/02/06 16:08:06,00723,信保环球控股,RELIANCE GLO HL,,0.255,0.006,2.40964,0.249,0.249,0.29,0.248,22269600,5896616,0.246,0.255
2026/02/06 16:08:06,00724,瑞鑫国际集团,RUIXIN INT'L,,0.105,0.0,0.0,0.105,0.0,0.0,0.0,0,0,0.0,0.0
2026/02/06 16:08:06,00725,恒都集团,PERENNIAL INT'L,,0.78,0.0,0.0,0.78,0.0,0.0,0.0,0,0,0.75,0.8
2026/02/06 16:08:06,00726,筑友智造科技,DIT GROUP,,0.036,0.0,0.0,0.036,0.036,0.036,0.036,850000,30600,0.036,0.039
2026/02/06 16:08:06,00727,皇冠环球集团,CROWNICORP,,0.69,0.0,0.0,0.69,0.69,0.71,0.69,196000,135840,0.68,0.69
2026/02/06 16:08:06,00728,中国电信,CHINA TELECOM,,5.07,-0.02,-0.39292,5.09,5.06,5.09,5.0,55657744,280453239,5.03,5.07
2026/02/06 16:08:06,00730,首惠产业金融,CAPITAL IND FIN,,0.128,0.0,1e-05,0.128,0.0,0.0,0.0,0,0,0.127,0.13
2026/02/06 16:08:06,00731,建发新胜,C&D NEWIN,,0.162,-0.013,-7.42857,0.175,0.175,0.175,0.162,580000,97920,0.152,0.19
2026/02/06 16:08:06,00732,信利国际,TRULY INT'L,,1.02,-0.01,-0.97088,1.03,1.03,1.04,1.02,2735694,2815844,1.02,1.03
2026/02/06 16:08:06,00733,合富辉煌,HOPEFLUENT,,0.275,-0.025,-8.33333,0.3,0.3,0.3,0.255,28000,7590,0.265,0.31
2026/02/06 16:08:06,00736,中国置业投资,CHINA PPT INV,,0.54,-0.03,-5.26315,0.57,0.56,0.56,0.53,405000,215460,0.54,0.6
2026/02/06 16:08:06,00737,湾区发展,BAY AREA DEV,,1.93,-0.02,-1.02564,1.95,1.94,1.94,1.92,256780,495007,1.92,1.93
2026/02/06 16:08:06,00738,莱尔斯丹,LE SAUNDA,,0.231,0.0,0.0,0.231,0.0,0.0,0.0,0,0,0.228,0.247
2026/02/06 16:08:06,00743,亚洲水泥（中国）,ASIA CEMENT CH,,2.32,0.01,0.4329,2.31,2.33,2.35,2.3,338500,789110,2.32,2.33
2026/02/06 16:08:06,00745,中国国家文化产业,CN CULTURE GP,,0.66,0.0,0.0,0.66,0.0,0.0,0.0,0,0,0.65,0.86
2026/02/06 16:08:06,00746,理文化工,L & M CHEMICAL,,6.05,0.14,2.36887,5.91,5.8,6.09,5.79,644000,3869560,6.0,6.05
2026/02/06 16:08:06,00747,渖阳公用发展股份,SHENYANG PUBLIC,,0.1,0.0,0.0,0.1,0.1,0.1,0.1,696000,69600,0.095,0.1
2026/02/06 16:08:06,00750,水发兴业能源,SFSY ENERGY,,0.218,-0.002,-0.90909,0.22,0.215,0.22,0.214,457000,98378,0.216,0.218
2026/02/06 16:08:04,00751,创维集团,SKYWORTH GROUP,,7.22,0.03,0.41724,7.19,7.19,7.28,7.18,5570558,40214910,7.18,7.22
2026/02/06 16:08:06,00752,PICO FAR EAST,PICO FAR EAST,,2.84,-0.03,-1.0453,2.87,2.86,2.87,2.83,460000,1310950,2.83,2.85
2026/02/06 16:08:06,00753,中国国航,AIR CHINA,,7.46,-0.12,-1.58311,7.58,7.49,7.59,7.34,19747599,146731595,7.44,7.46
2026/02/06 16:08:06,00754,合生创展集团,HOPSON DEV HOLD,,3.25,-0.01,-0.30675,3.26,3.27,3.28,3.19,2841100,9175883,3.24,3.25
2026/02/06 16:08:06,00755,大方广瑞德,DEVGREAT,,0.345,0.0,0.0,0.345,0.0,0.0,0.0,0,0,0.345,0.375
2026/02/06 16:08:06,00756,森美控股,SUMMI,,0.42,0.0,0.0,0.42,0.0,0.0,0.0,0,0,0.365,0.42
2026/02/06 16:08:06,00757,阳光能源,SOLARGIGA,,0.092,-0.004,-4.16667,0.096,0.097,0.097,0.089,6407000,586803,0.092,0.093
2026/02/06 16:08:06,00759,CEC INT'L HOLD,CEC INT'L HOLD,,0.221,-0.01,-4.329,0.231,0.221,0.221,0.221,102000,22642,0.221,0.23
2026/02/06 16:08:06,00760,新天地产集团,TALENT PPT GP,,0.18,0.0,0.0,0.18,0.0,0.0,0.0,0,0,0.161,0.198
2026/02/06 16:08:06,00762,中国联通,CHINA UNICOM,,7.3,-0.05,-0.68027,7.35,7.34,7.34,7.24,36414110,265549717,7.3,7.31
2026/02/06 16:08:04,00763,中兴通讯,ZTE,,26.4,-0.38,-1.41897,26.78,26.5,26.88,26.22,9668820,256195314,26.38,26.4
2026/02/06 16:08:06,00764,永恒策略,ETERNITY INV,,1.05,0.0,-1e-05,1.05,1.0,1.06,1.0,134248,138349,1.01,1.2
2026/02/06 16:08:06,00765,PERFECTECH INTL,PERFECTECH INTL,,0.26,0.005,1.96078,0.255,0.255,0.26,0.255,76000,19580,0.26,0.275
2026/02/06 16:08:06,00767,中基长寿科学,ZHONG JI LS,,0.475,-0.015,-3.06123,0.49,0.475,0.475,0.475,74005,35072,0.475,0.49
2026/02/06 16:08:06,00768,开明投资,UBA INVESTMENTS,,0.048,0.001,2.12766,0.047,0.048,0.05,0.048,244000,11832,0.048,0.049
2026/02/06 16:08:06,00769,中国稀土,CHINA RAREEARTH,,0.7,0.0,0.0,0.7,0.0,0.0,0.0,0,0,0.0,0.0
2026/02/06 16:08:06,00770,SHANGHAI GROWTH,SHANGHAI GROWTH,,0.35,0.02,6.0606,0.33,0.35,0.35,0.35,1000,350,0.11,0.45
2026/02/06 16:08:06,00771,自动系统,AUTOMATED SYS,,0.85,0.0,0.0,0.85,0.0,0.0,0.0,0,0,0.82,0.85
2026/02/06 16:08:06,00772,阅文集团,CHINA LIT,,34.42,-0.14,-0.4051,34.56,34.02,34.62,33.5,2449963,83864809,34.4,34.42
2026/02/06 16:08:06,00775,长江生命科技,CKLIFE SCIENCES,,0.82,-0.01,-1.20482,0.83,0.83,0.83,0.81,2776868,2282480,0.81,0.82
2026/02/06 16:08:06,00776,帝国科技集团,IMPERIUM TEC GP,,0.94,-0.1,-9.61539,1.04,0.91,1.03,0.9,91000,88070,0.94,1.12
2026/02/06 16:08:04,00777,网龙,NETDRAGON,,9.54,-0.19,-1.95272,9.73,9.62,9.63,9.5,2652500,25348635,9.53,9.54
2026/02/06 16:08:06,00780,同程旅行,TONGCHENGTRAVEL,,22.5,-0.26,-1.14236,22.76,22.58,22.76,22.04,8239880,184593636,22.5,22.52
2026/02/06 16:08:06,00784,凌锐控股,LING YUI,,0.191,-0.014,-6.82927,0.205,0.193,0.208,0.19,580000,114070,0.189,0.202
2026/02/06 16:08:06,00788,中国铁塔,CHINA TOWER,,10.85,-0.14,-1.27388,10.99,10.97,10.97,10.84,14672489,159750748,10.85,10.86
2026/02/06 16:08:06,00789,雅天妮集团,ARTINI HLDG,,0.395,0.0,0.0,0.395,0.0,0.0,0.0,0,0,0.37,0.435
2026/02/06 16:08:06,00794,锦胜集团（控股）,COME SURE GROUP,,0.184,0.0,0.0,0.184,0.0,0.0,0.0,0,0,0.17,0.0
2026/02/06 16:08:06,00797,第七大道,7ROAD,,0.71,0.04,5.97015,0.67,0.67,0.72,0.67,54000,36360,0.58,0.71
2026/02/06 16:08:06,00798,中电光谷,CEOVU,,0.227,0.0,0.0,0.227,0.0,0.0,0.0,0,0,0.221,0.238
2026/02/06 16:08:06,00799,IGG,IGG,,3.32,-0.05,-1.48368,3.37,3.39,3.39,3.27,2089000,6924198,3.32,3.33
2026/02/06 16:08:06,00800,文远知行－Ｗ,WERIDE-W,,19.37,0.01,0.05166,19.36,19.0,19.5,19.0,1032710,19939452,19.37,19.48
2026/02/06 16:08:06,00802,中国钱包,CHINA E-WALLET,,0.045,0.0,0.0,0.045,0.0,0.0,0.0,0,0,0.0,0.0
2026/02/06 16:08:06,00804,鼎石资本,PINESTONE,,3.61,-0.11,-2.95699,3.72,3.61,3.7,3.61,30000,109600,3.61,3.9
2026/02/06 16:08:06,00805,新吉奥房车,NEW GONOW RV,,1.11,-0.07,-5.9322,1.18,1.14,1.14,1.11,468000,529940,1.1,1.13
2026/02/06 16:08:04,00806,惠理集团,VALUE PARTNERS,,2.37,-0.04,-1.65976,2.41,2.31,2.37,2.31,1949000,4593590,2.35,2.37
2026/02/06 16:08:06,00807,上海实业环境,SIICENVIRONMENT,,1.1,-0.02,-1.78571,1.12,1.1,1.11,1.09,424000,465070,1.1,1.12
2026/02/06 16:08:06,00809,大成生化科技,GLOBAL BIO-CHEM,,0.062,0.0,0.0,0.062,0.062,0.063,0.059,978000,59616,0.06,0.063
2026/02/06 16:08:06,00810,中国铸晨８１,CH CASTSON 81,,0.138,0.008,6.15384,0.13,0.135,0.138,0.135,84000,11454,0.132,0.138
2026/02/06 16:08:06,00811,新华文轩,XINHUA WINSHARE,,10.95,0.13,1.20148,10.82,10.75,11.04,10.75,1352500,14767665,10.93,10.95
2026/02/06 16:08:06,00813,世茂集团,SHIMAO GROUP,,0.249,-0.001,-0.4,0.25,0.248,0.26,0.242,46508622,11594165,0.249,0.25
2026/02/06 16:08:06,00814,北京京客隆,JINGKELONG,,0.33,0.0,0.0,0.33,0.33,0.33,0.33,49000,16170,0.31,0.33
2026/02/06 16:08:06,00815,中国白银集团,CHI SILVER GP,,0.61,-0.02,-3.1746,0.63,0.6,0.63,0.59,33224000,20331782,0.61,0.62
2026/02/06 16:08:06,00816,金茂服务,JINMAO SERVICES,,2.58,-0.02,-0.76923,2.6,2.58,2.6,2.56,487070,1257443,2.58,2.59
2026/02/06 16:08:04,00817,中国金茂,CHINA JINMAO,,1.73,-0.03,-1.70454,1.76,1.74,1.75,1.7,46595359,80323645,1.73,1.74
2026/02/06 16:08:06,00818,高阳科技,HI SUN TECH,,0.51,0.015,3.0303,0.495,0.5,0.52,0.5,2292000,1164780,0.5,0.51
2026/02/06 16:08:06,00819,天能动力,TIANNENG POWER,,7.42,-0.06,-0.80214,7.48,7.38,7.48,7.34,2703000,20018920,7.4,7.43
2026/02/06 16:08:06,00821,汇盈控股,VC HOLDINGS,,0.36,0.0,0.0,0.36,0.0,0.0,0.0,2000,670,0.34,0.365
2026/02/06 16:08:06,00822,嘉瑞国际,KA SHUI INT'L,,0.36,0.0,0.0,0.36,0.36,0.365,0.35,186000,66650,0.35,0.36
2026/02/06 16:08:06,00825,新世界百货中国,NWDS CHINA,,0.385,0.005,1.31579,0.38,0.365,0.39,0.365,355000,135990,0.385,0.39
2026/02/06 16:08:04,00826,天工国际,TIANGONG INT'L,,3.17,-0.09,-2.76073,3.26,3.23,3.24,3.12,15064220,47913569,3.17,3.18
2026/02/06 16:08:06,00827,玖源集团,KO YO GROUP,,0.033,-0.001,-2.94118,0.034,0.034,0.034,0.031,1620000,53824,0.032,0.033
2026/02/06 16:08:06,00828,王朝酒业,DYNASTY WINES,,0.25,-0.005,-1.96078,0.255,0.25,0.25,0.25,32000,8000,0.245,0.25
2026/02/06 16:08:06,00829,神冠控股,SHENGUAN HLDGS,,0.25,-0.005,-1.96078,0.255,0.255,0.255,0.25,550000,137530,0.25,0.255
2026/02/06 16:08:06,00830,中国建筑兴业,CSC DEVELOPMENT,,1.24,-0.01,-0.8,1.25,1.24,1.26,1.24,166000,206960,1.24,1.25
2026/02/06 16:08:06,00831,利亚零售,CR ASIA,,0.325,-0.005,-1.51516,0.33,0.335,0.335,0.325,288000,94800,0.325,0.345
2026/02/06 16:08:06,00832,建业地产,CENTRAL CHINA,,0.062,0.001,1.63934,0.061,0.062,0.065,0.062,33000,2052,0.06,0.066
2026/02/06 16:08:06,00833,华讯,ALLTRONICS,,0.62,0.01,1.63935,0.61,0.62,0.62,0.6,267500,163035,0.6,0.63
2026/02/06 16:08:06,00834,康大食品,KANGDA FOOD,,0.29,0.005,1.75438,0.285,0.285,0.29,0.28,784000,224500,0.29,0.325
2026/02/06 16:08:04,00836,华润电力,CHINA RES POWER,,17.68,0.01,0.0566,17.67,17.6,17.9,17.52,11996644,213028702,17.67,17.68
2026/02/06 16:08:06,00837,谭木匠,CARPENTER TAN,,7.68,-0.02,-0.25974,7.7,7.7,7.7,7.67,80500,618580,7.68,7.7
2026/02/06 16:08:06,00838,亿和控股,EVA HOLDINGS,,0.88,-0.01,-1.1236,0.89,0.88,0.89,0.86,1768000,1540586,0.87,0.88
2026/02/06 16:08:04,00839,中教控股,CHINA EDU GROUP,,3.02,0.01,0.33223,3.01,2.97,3.03,2.97,3927000,11805029,3.01,3.02
2026/02/06 16:08:06,00840,天业节水,TIANYE WATER,,0.195,0.0,0.0,0.195,0.0,0.0,0.0,0,0,0.181,0.0
2026/02/06 16:08:06,00841,木薯资源,CASSAVA RES,,0.208,0.0,0.0,0.208,0.0,0.0,0.0,0,0,0.2,0.208
2026/02/06 16:08:06,00842,理士国际,LEOCH INT'L,,0.65,-0.01,-1.51516,0.66,0.66,0.67,0.65,843000,552680,0.66,0.67
2026/02/06 16:08:06,00844,广泰国际控股,GREATIME INTL,,0.49,0.05,11.36364,0.44,0.495,0.495,0.495,8000,3960,0.395,0.49
2026/02/06 16:08:06,00845,恒盛地产,GLORIOUS PPT H,,0.01,0.0,0.0,0.01,0.0,0.0,0.0,0,0,0.0,0.0
2026/02/06 16:08:06,00846,明发集团,MINGFA GROUP,,0.113,0.008,7.61905,0.105,0.113,0.113,0.113,1000,113,0.105,0.115
2026/02/06 16:08:06,00848,茂业国际,MAOYE INT'L,,0.135,0.0,0.0,0.135,0.135,0.135,0.135,236000,31860,0.131,0.135
2026/02/06 16:08:06,00851,盛源控股,SHENG YUAN HLDG,,0.39,0.02,5.4054,0.37,0.39,0.39,0.39,10000,3900,0.38,0.39
2026/02/06 16:08:06,00852,海峡石油化工,STRONG PETRO,,0.166,0.0,0.0,0.166,0.0,0.0,0.0,0,0,0.0,0.0
2026/02/06 16:08:04,00853,微创医疗,MICROPORT,,10.92,-0.16,-1.44404,11.08,10.85,11.08,10.63,9736492,105844036,10.92,10.94
2026/02/06 16:08:06,00854,威雅利,WILLAS-ARRAY,,5.57,-0.01,-0.17921,5.58,0.0,0.0,0.0,0,0,0.0,5.58
2026/02/06 16:08:06,00855,中国水务,CHINA WATER,,5.5,0.06,1.10294,5.44,5.39,5.52,5.39,1534000,8418040,5.47,5.5
2026/02/06 16:08:04,00856,伟仕佳杰,VSTECS,,7.46,0.02,0.26882,7.44,7.39,7.46,7.28,1524000,11274629,7.45,7.46
2026/02/06 16:08:04,00857,中国石油股份,PETROCHINA,,9.28,0.18,1.97802,9.1,8.89,9.3,8.81,112674965,1030964881,9.27,9.28
2026/02/06 16:08:06,00858,精优药业,EXTRAWELL PHAR,,0.083,0.001,1.21951,0.082,0.084,0.095,0.083,2400000,211370,0.083,0.089
2026/02/06 16:08:06,00859,中昌国际控股,ZHONGCHANG INTL,,0.118,0.0,0.0,0.118,0.0,0.0,0.0,0,0,0.0,0.12
2026/02/06 16:08:06,00860,ＡＰＯＬＬＯ出行,APOLLO FMG,,0.64,-0.02,-3.03031,0.66,0.62,0.64,0.62,28000,17520,0.62,0.64
2026/02/06 16:08:04,00861,神州控股,DC HOLDINGS,,2.58,-0.11,-4.08922,2.69,2.67,2.67,2.56,14074970,36673905,2.57,2.58
2026/02/06 16:08:06,00862,远见控股,VISION VALUES,,0.074,-0.006,-7.5,0.08,0.076,0.078,0.06,7780000,514565,0.065,0.074
2026/02/06 16:08:06,00863,ＯＳＬ集团,OSL GROUP,,14.94,-0.12,-0.79682,15.06,14.95,15.09,14.5,5620984,83973373,14.94,14.95
2026/02/06 16:08:06,00864,永利地产发展,WING LEE PPT,,0.21,0.0,0.0,0.21,0.0,0.0,0.0,0,0,0.16,0.22
2026/02/06 16:08:06,00865,建德国际控股,JIANDE INT'L,,0.039,0.0,0.0,0.039,0.0,0.0,0.0,0,0,0.036,0.04
2026/02/06 16:08:06,00866,中国秦发,CHINA QINFA,,4.07,0.0,0.0,4.07,4.0,4.08,3.86,3718000,14907200,4.06,4.07
2026/02/06 16:08:06,00867,康哲药业,CMS,,15.24,0.4,2.69542,14.84,14.84,15.26,14.74,5741500,86889520,15.2,15.24
2026/02/06 16:08:04,00868,信义玻璃,XINYI GLASS,,10.61,-0.2,-1.85014,10.81,10.71,10.79,10.55,9258745,98773326,10.6,10.61
2026/02/06 16:08:06,00869,彩星玩具,PLAYMATES TOYS,,0.4,0.0,0.0,0.4,0.4,0.405,0.4,1344000,538740,0.4,0.405
2026/02/06 16:08:06,00871,中国疏浚环保,CH DREDG ENV,,0.094,-0.004,-4.08164,0.098,0.09,0.1,0.09,503500,48697,0.092,0.103
2026/02/06 16:08:06,00873,世茂服务,SHIMAO SERVICES,,0.68,0.02,3.0303,0.66,0.67,0.68,0.65,5008000,3330020,0.67,0.68
2026/02/06 16:08:06,00874,白云山,BAIYUNSHAN PH,,19.31,0.2,1.04657,19.11,19.36,19.98,19.2,3293000,63917420,19.31,19.34
2026/02/06 16:08:06,00875,从玉智农,CONGYU INTE AGR,,1.35,-0.04,-2.8777,1.39,1.41,1.44,1.35,600200,824972,1.35,1.42
2026/02/06 16:08:06,00876,佳兆业健康,KAISA HEALTH,,0.2,-0.004,-1.96078,0.204,0.204,0.204,0.192,12370000,2432700,0.196,0.2
2026/02/06 16:08:06,00878,金朝阳集团,SOUNDWILL HOLD,,6.5,-0.06,-0.91463,6.56,6.5,6.52,6.5,90500,588585,6.5,6.51
2026/02/06 16:08:04,00880,澳博控股,SJM HOLDINGS,,2.45,-0.02,-0.80972,2.47,2.44,2.45,2.39,7234000,17533946,2.44,2.45
2026/02/06 16:08:04,00881,中升控股,ZHONGSHENG HLDG,,11.93,-0.15,-1.24172,12.08,12.07,12.07,11.79,3651500,43587174,11.92,11.93
2026/02/06 16:08:06,00882,天津发展,TIANJIN DEV,,2.7,0.0,0.0,2.7,2.7,2.71,2.65,610000,1640420,2.69,2.7
2026/02/06 16:08:04,00883,中国海洋石油,CNOOC,,24.02,0.44,1.86599,23.58,23.1,24.14,22.86,89685986,2117931960,24.02,24.04
2026/02/06 16:08:06,00884,旭辉控股集团,CIFI HOLD GP,,0.085,-0.004,-4.49438,0.089,0.087,0.089,0.08,275043040,23256318,0.084,0.085
2026/02/06 16:08:06,00887,英皇钟表珠宝,EMPEROR WATCH&J,,0.315,0.015,5.0,0.3,0.295,0.315,0.29,13520000,4134200,0.31,0.315
2026/02/06 16:08:06,00888,链信控股,BLOCKFIN HLDG,,0.093,0.0,0.0,0.093,0.092,0.094,0.092,172000,15728,0.08,0.093
2026/02/06 16:08:06,00889,连达科技控股,DATRONIX HOLD,,0.36,0.0,0.0,0.36,0.0,0.0,0.0,0,0,0.345,0.395
2026/02/06 16:08:06,00893,中国铁钛,CHINAVTM MINING,,0.09,-0.001,-1.0989,0.091,0.09,0.093,0.088,1160000,104404,0.088,0.092
2026/02/06 16:08:06,00894,万裕科技,MAN YUE TECH,,0.81,0.0,0.0,0.81,0.0,0.0,0.0,0,0,0.75,0.81
2026/02/06 16:08:06,00895,东江环保,DONGJIANG ENV,,2.27,-0.02,-0.87336,2.29,2.29,2.31,2.27,458400,1048512,2.27,2.28
2026/02/06 16:08:06,00896,兴胜创建,HANISON,,0.215,-0.001,-0.46296,0.216,0.216,0.216,0.216,2000,432,0.212,0.215
2026/02/06 16:08:06,00897,位元堂,WAI YUEN TONG,,0.37,0.025,7.24638,0.345,0.365,0.37,0.355,393760,143734,0.355,0.37
2026/02/06 16:08:06,00898,万事昌国际,MULTIFIELD INTL,,1.11,-0.01,-0.89286,1.12,0.0,0.0,0.0,0,0,1.07,1.11
2026/02/06 16:08:06,00899,中加国信,ZHONG JIA GX,,0.166,-0.003,-1.77515,0.169,0.169,0.169,0.165,300000,49670,0.165,0.171
2026/02/06 16:08:06,00900,AEON CREDIT,AEON CREDIT,,7.44,0.02,0.26954,7.42,7.4,7.44,7.4,80677,597883,7.4,7.49
2026/02/06 16:08:06,00902,华能国际电力股份,HUANENG POWER,,5.37,-0.04,-0.73937,5.41,5.4,5.45,5.34,24700265,133077236,5.36,5.37
2026/02/06 16:08:06,00905,胡桃资本,WALNUT CAP,,1.6,0.0,0.0,1.6,1.59,1.62,1.58,976000,1566400,1.58,1.7
2026/02/06 16:08:06,00907,高雅光学,ELEGANCEOPTICAL,,0.055,0.003,5.76923,0.052,0.052,0.056,0.052,260000,13600,0.052,0.055
2026/02/06 16:08:06,00909,明源云,MING YUAN CLOUD,,2.8,-0.17,-5.72391,2.97,2.93,2.93,2.8,13588000,38815332,2.8,2.81
2026/02/06 16:08:06,00910,中国三迪,CHINA SANDI,,0.014,0.0,0.0,0.014,0.0,0.0,0.0,0,0,0.0,0.0
2026/02/06 16:08:06,00911,前海健康,QIANHAI HEALTH,,0.26,0.0,0.0,0.26,0.0,0.0,0.0,0,0,0.25,0.28
2026/02/06 16:08:06,00912,信佳国际,SUGA INT'L,,1.06,0.0,-1e-05,1.06,1.05,1.06,1.05,130000,136800,1.04,1.06
2026/02/06 16:08:06,00913,港湾数字,HARBOUR DIGITAL,,0.265,-0.02,-7.01755,0.285,0.255,0.255,0.255,10000,2550,0.265,0.285
2026/02/06 16:08:04,00914,海螺水泥,CONCH CEMENT,,24.52,-0.34,-1.36766,24.86,24.74,25.14,24.3,12314850,304199746,24.52,24.54
2026/02/06 16:08:06,00915,道和环球,DAOHE GLOBAL,,0.065,0.001,1.5625,0.064,0.063,0.07,0.063,366000,24117,0.062,0.065
2026/02/06 16:08:06,00916,龙源电力,CHINA LONGYUAN,,6.96,0.08,1.16279,6.88,6.81,7.03,6.81,8031753,55826515,6.95,6.96
2026/02/06 16:08:06,00917,趣致集团,QUNABOX GROUP,,22.84,-1.2,-4.99168,24.04,24.06,24.06,22.8,2310100,53570006,22.84,22.86
2026/02/06 16:08:06,00918,龙翼航空科技,MAJESTIC DRAGON,,0.66,-0.04,-5.71428,0.7,0.69,0.69,0.65,486000,319740,0.65,0.73
2026/02/06 16:08:06,00919,现代健康科技,MODERNHEALTHTEC,,0.077,0.002,2.66667,0.075,0.077,0.077,0.074,832000,62000,0.075,0.077
2026/02/06 16:08:04,00921,海信家电,HISENSE HA,,23.42,-0.28,-1.18143,23.7,23.4,23.58,23.08,962000,22416790,23.4,23.42
2026/02/06 16:08:06,00922,安贤园中国,ANXIANYUAN CH,,0.121,0.003,2.54237,0.118,0.121,0.121,0.116,2420000,291020,0.119,0.121
2026/02/06 16:08:06,00923,综合环保集团,IWS,,0.02,0.0,0.0,0.02,0.02,0.02,0.019,4602000,87540,0.019,0.02
2026/02/06 16:08:06,00924,坤集团,KHOON GROUP,,0.19,0.01,5.55555,0.18,0.18,0.193,0.18,96000,17384,0.168,0.19
2026/02/06 16:08:06,00926,碧生源,BESUNYEN,,2.52,0.0,0.0,2.52,2.52,2.52,2.52,4000,10080,2.45,2.72
2026/02/06 16:08:06,00927,富士高实业,FUJIKON IND,,0.65,0.0,0.0,0.65,0.0,0.0,0.0,0,0,0.62,0.65
2026/02/06 16:08:06,00928,帝王国际投资,KING INTL INV,,0.117,-0.004,-3.30579,0.121,0.121,0.124,0.117,5522112,678158,0.117,0.123
2026/02/06 16:08:06,00929,国际精密,IPE GROUP,,0.66,-0.03,-4.34782,0.69,0.67,0.68,0.66,125000,82950,0.66,0.68
2026/02/06 16:08:06,00931,中国港能,CHINA HK POWER,,0.43,0.0,0.0,0.43,0.425,0.43,0.415,3401500,1440700,0.425,0.43
2026/02/06 16:08:06,00932,顺腾国际控股,SHUNTEN INTL,,0.034,-0.002,-5.55555,0.036,0.034,0.036,0.033,2068000,69948,0.032,0.034
2026/02/06 16:08:06,00933,非凡领越,VIVA GOODS,,0.63,0.0,0.0,0.63,0.63,0.63,0.62,568000,356320,0.62,0.63
2026/02/06 16:08:04,00934,中石化冠德,SINOPEC KANTONS,,4.15,0.01,0.24155,4.14,4.18,4.22,4.1,2742000,11418780,4.15,4.17
2026/02/06 16:08:06,00936,佳兆业资本,KAISA CAPITAL,,0.34,-0.005,-1.44927,0.345,0.33,0.38,0.33,980000,334350,0.33,0.34
2026/02/06 16:08:06,00938,民生国际,MAN SANG INT'L,,0.4,0.0,0.0,0.4,0.0,0.0,0.0,0,0,0.375,0.4
2026/02/06 16:08:06,00939,建设银行,CCB,,7.97,0.05,0.63131,7.92,7.85,7.98,7.85,264274016,2090949681,7.96,7.97
2026/02/06 16:08:06,00941,中国移动,CHINA MOBILE,,80.2,-0.2,-0.24876,80.4,80.0,80.25,79.65,20535109,1642840588,80.1,80.2
2026/02/06 16:08:06,00943,中证国际,ZHONGZHENG INTL,,0.229,0.003,1.32744,0.226,0.22,0.229,0.22,246000,54228,0.222,0.229
2026/02/06 16:08:04,00945,宏利金融－Ｓ,MANULIFE-S,,291.20001,-0.99999,-0.34223,292.2,291.6,295.8,289.4,12845,3743463,291.0,294.79999
2026/02/06 16:08:06,00947,摩比发展,MOBI DEV,,0.151,-0.003,-1.94806,0.154,0.151,0.151,0.15,429500,64835,0.151,0.158
2026/02/06 16:08:06,00948,阿尔法企业,ALPHA PRO HLDGS,,0.365,0.0,0.0,0.365,0.0,0.0,0.0,0,0,0.3,0.365
2026/02/06 16:08:06,00950,李氏大药厂,LEE'S PHARM,,1.49,-0.01,-0.66667,1.5,1.48,1.51,1.46,511500,761945,1.49,1.51
2026/02/06 16:08:06,00951,超威动力,CHAOWEI POWER,,1.37,-0.01,-0.72464,1.38,1.38,1.38,1.36,305000,419800,1.36,1.37
2026/02/06 16:08:06,00952,华富建业金融,QUAM PLUS FIN,,0.13,0.001,0.77519,0.129,0.129,0.13,0.124,707756,89807,0.125,0.13
2026/02/06 16:08:06,00953,邵氏兄弟控股,SHAW BROTHERS,,0.31,-0.005,-1.5873,0.315,0.31,0.31,0.31,1100000,341030,0.305,0.31
2026/02/06 16:08:06,00954,常茂生物,CHANGMAO BIO,,0.31,0.0,0.0,0.31,0.0,0.0,0.0,0,0,0.29,0.31
2026/02/06 16:08:04,00956,新天绿色能源,CHINA SUNTIEN,,4.15,0.0,0.0,4.15,4.11,4.18,4.06,4562000,18862350,4.14,4.15
2026/02/06 16:08:06,00959,世纪娱乐国际,CENTURY ENT INT,,0.72,0.0,0.0,0.72,0.0,0.0,0.0,0,0,0.0,0.0
2026/02/06 16:08:04,00960,龙湖集团,LONGFOR GROUP,,10.27,0.06,0.58766,10.21,10.01,10.28,10.0,20730903,211016514,10.26,10.27
2026/02/06 16:08:06,00966,中国太平,CHINA TAIPING,,24.64,-0.56,-2.22223,25.2,24.6,24.92,24.18,11919981,294033477,24.64,24.66
2026/02/06 16:08:06,00968,信义光能,XINYI SOLAR,,3.52,0.05,1.44092,3.47,3.4,3.58,3.39,81336217,287066695,3.51,3.52
2026/02/06 16:08:06,00969,华联国际,HUA LIEN INT'L,,0.109,-0.007,-6.03449,0.116,0.109,0.109,0.109,76000,8284,0.109,0.114
2026/02/06 16:08:06,00970,新耀莱,NEW SPARKLEROLL,,0.435,0.0,0.0,0.435,0.43,0.435,0.43,90000,39120,0.425,0.445
2026/02/06 16:08:06,00974,中国顺客隆,SKL,,1.05,0.04,3.96039,1.01,1.05,1.05,1.05,10000,10500,1.01,1.05
2026/02/06 16:08:04,00975,MONGOL MINING,MONGOL MINING,,11.79,-0.21,-1.75,12.0,11.77,12.24,11.33,2364000,27934785,11.79,11.83
2026/02/06 16:08:06,00976,齐合环保,CHIHO ENV,,0.43,0.0,0.0,0.43,0.0,0.0,0.0,0,0,0.0,0.0
2026/02/06 16:08:06,00978,招商局置地,CHI MER LAND,,0.295,0.0,0.0,0.295,0.295,0.295,0.285,34000,9900,0.285,0.295
2026/02/06 16:08:06,00979,绿色能源科技集团,GREEN ENERGY GP,,0.34,-0.07,-17.07317,0.41,0.4,0.4,0.31,3836000,1285470,0.34,0.355
2026/02/06 16:08:06,00980,联华超市,LIANHUA,,0.345,-0.025,-6.75676,0.37,0.35,0.35,0.345,216000,75520,0.345,0.355
2026/02/06 16:08:06,00981,中芯国际,SMIC,,67.6,0.15,0.22239,67.45,66.0,69.05,65.75,53161260,3596186460,67.6,67.65
2026/02/06 16:08:06,00983,瑞安建业,SOCAM DEV,,0.395,0.0,0.0,0.395,0.395,0.395,0.395,20000,7900,0.37,0.395
2026/02/06 16:08:06,00984,永旺,AEON STORES,,0.395,0.0,0.0,0.395,0.0,0.0,0.0,0,0,0.365,0.395
2026/02/06 16:08:06,00986,杜甫酒业集团,DUFU LIQUOR GP,,0.081,-0.006,-6.89655,0.087,0.08,0.081,0.08,452000,36482,0.08,0.081
2026/02/06 16:08:06,00987,中国再生能源投资,CH RENEW EN INV,,0.135,0.0,0.0,0.135,0.135,0.135,0.135,136160,18380,0.133,0.136
2026/02/06 16:08:06,00989,中国长白山国际,CHINA CBS INTL,,0.72,0.05,7.46269,0.67,0.66,0.72,0.66,60000,40900,0.64,0.74
2026/02/06 16:08:06,00990,至源控股,DEEP SOURCE,,0.83,-0.01,-1.19048,0.84,0.84,0.85,0.82,15900000,13265200,0.83,0.84
2026/02/06 16:08:06,00991,大唐发电,DATANG POWER,,2.29,0.03,1.32743,2.26,2.26,2.32,2.24,17265692,39553051,2.28,2.29
2026/02/06 16:08:06,00992,联想集团,LENOVO GROUP,,9.25,-0.06,-0.64447,9.31,9.11,9.29,9.09,78121916,720846793,9.24,9.25
2026/02/06 16:08:06,00993,信控国际资本,XINKONG INT CAP,,0.13,0.004,3.1746,0.126,0.126,0.143,0.126,168000,22491,0.128,0.13
2026/02/06 16:08:06,00994,中天宏信,CT VISION,,0.335,0.0,0.0,0.335,0.33,0.34,0.33,96000,32260,0.325,0.345
2026/02/06 16:08:06,00995,安徽皖通高速公路,ANHUIEXPRESSWAY,,13.35,0.36,2.77137,12.99,13.15,13.35,12.86,1307000,17236900,13.27,13.35
2026/02/06 16:08:06,00997,普汇中金国际,CHINLINK INTL,,0.029,0.0,0.0,0.029,0.0,0.0,0.0,0,0,0.026,0.029
2026/02/06 16:08:06,00998,中信银行,CITIC BANK,,7.35,0.06,0.82304,7.29,7.28,7.36,7.24,22617813,165392593,7.34,7.35
2026/02/06 16:08:06,00999,小菜园,XIAOCAIYUAN,,8.89,0.07,0.79366,8.82,8.8,9.21,8.68,2229600,20005960,8.83,8.89
2026/02/06 16:08:06,01000,北青传媒,BEIJING MEDIA,,0.86,0.04,4.87805,0.82,0.75,0.86,0.75,41500,31180,0.75,0.86
2026/02/06 16:08:06,01001,沪港联合,HK SH ALLIANCE,,0.41,0.005,1.23457,0.405,0.405,0.41,0.405,152000,62200,0.405,0.41
2026/02/06 16:08:06,01002,威铖国际,V.S. INT'L,,0.058,0.001,1.75438,0.057,0.058,0.06,0.058,208000,12472,0.053,0.058
2026/02/06 16:08:06,01003,欢喜传媒,HUANXI MEDIA,,0.295,0.005,1.72413,0.29,0.285,0.3,0.285,6190000,1795800,0.29,0.295
2026/02/06 16:08:06,01004,中国智慧能源,C SMARTERENERGY,,0.02,0.001,5.26316,0.019,0.019,0.021,0.019,3742000,73058,0.019,0.02
2026/02/06 16:08:06,01005,MATRIX HOLDINGS,MATRIX HOLDINGS,,0.37,0.0,0.0,0.37,0.37,0.37,0.37,20000,7400,0.36,0.45
2026/02/06 16:08:06,01007,龙辉国际控股,LONGHUI INTL,,0.07,0.0,0.0,0.07,0.0,0.0,0.0,0,0,0.0,0.0
2026/02/06 16:08:06,01008,力图控股,LITU HOLDINGS,,0.198,0.0,0.0,0.198,0.0,0.0,0.0,0,0,0.187,0.208
2026/02/06 16:08:06,01009,国际娱乐,INT'L ENT,,1.04,-0.01,-0.95239,1.05,1.04,1.04,1.04,20000,20400,0.96,1.04
2026/02/06 16:08:06,01010,天玺曜１１,SKY BLUE 11,,0.094,0.006,6.81818,0.088,0.087,0.1,0.087,176000,17196,0.09,0.096
2026/02/06 16:08:06,01011,泰凌医药,NT PHARMA,,0.79,0.0,0.0,0.79,0.0,0.0,0.0,0,0,0.76,0.83
2026/02/06 16:08:06,01013,伟俊集团控股,WAI CHUN GROUP,,0.35,0.03,9.375,0.32,0.32,0.35,0.32,130000,42200,0.29,0.35
2026/02/06 16:08:06,01020,中细软科技,CIPRUN TECH,,0.455,0.005,1.11111,0.45,0.45,0.455,0.43,10144000,4474600,0.445,0.455
2026/02/06 16:08:06,01022,飞鱼科技,FEIYU,,0.62,0.0,0.0,0.62,0.62,0.64,0.61,246000,152670,0.62,0.64
2026/02/06 16:08:06,01023,时代集团控股,SITOY GROUP,,0.53,0.0,-1e-05,0.53,0.52,0.53,0.52,63000,33060,0.52,0.54
2026/02/06 16:08:04,01024,快手－Ｗ,KUAISHOU-W,,71.25,-1.75,-2.39726,73.0,70.3,72.15,70.1,22361878,1594182557,71.2,71.25
2026/02/06 16:08:06,01025,嘉艺控股,KNT HOLDINGS,,0.26,0.0,0.0,0.26,0.0,0.0,0.0,0,0,0.255,0.28
2026/02/06 16:08:06,01026,环球实业科技,UNIVERSAL TECH,,0.11,-0.008,-6.77966,0.118,0.0,0.0,0.0,0,0,0.101,0.11
2026/02/06 16:08:06,01027,亚洲策略科技,ASIA STRAT TECH,,2.81,0.0,0.0,2.81,2.81,2.81,2.81,10000,28100,0.0,2.81
2026/02/06 16:08:06,01028,千百度,C.BANNER,,0.75,0.05,7.14286,0.7,0.74,0.76,0.74,39000,29090,0.72,0.75
2026/02/06 16:08:06,01029,铁货,IRC,,0.58,0.02,3.57143,0.56,0.57,0.6,0.56,1411600,827968,0.58,0.59
2026/02/06 16:08:06,01030,新城发展,SEAZEN,,2.43,-0.01,-0.40983,2.44,2.44,2.51,2.42,69904402,171655756,2.42,2.43
2026/02/06 16:08:04,01033,中石化油服,SINOPEC SSC,,0.89,0.02,2.29885,0.87,0.84,0.92,0.84,89174000,79471928,0.89,0.9
2026/02/06 16:08:06,01036,万科海外,VANKE OVERSEAS,,1.74,0.0,0.0,1.74,1.74,1.74,1.74,1000,1740,1.74,1.78
2026/02/06 16:08:06,01037,云智汇科技,MAXNERVA TECH,,0.65,-0.01,-1.51516,0.66,0.65,0.65,0.61,474000,303000,0.63,0.65
2026/02/06 16:08:04,01038,长江基建集团,CKI HOLDINGS,,64.95,0.0,-1e-05,64.95,64.9,65.3,62.75,4519369,292690983,64.9,64.95
2026/02/06 16:08:06,01039,畅由国际集团,CHANGYOU INT GP,,0.059,0.0,0.0,0.059,0.0,0.0,0.0,0,0,0.059,0.06
2026/02/06 16:08:06,01044,恒安国际,HENGAN INT'L,,28.62,0.46,1.63353,28.16,28.1,28.8,27.96,3738294,106719624,28.58,28.62
2026/02/06 16:08:06,01045,亚太卫星,APT SATELLITE,,4.05,-0.09,-2.17391,4.14,4.07,4.19,3.96,5860000,24008500,4.05,4.08
2026/02/06 16:08:06,01046,寰宇娱乐文化,UNIVERSE ENT,,0.335,0.0,0.0,0.335,0.0,0.0,0.0,0,0,0.3,0.355
2026/02/06 16:08:06,01047,毅兴行,NGAI HING HONG,,0.34,0.0,0.0,0.34,0.0,0.0,0.0,0,0,0.325,0.34
2026/02/06 16:08:06,01049,时富投资,CELESTIAL ASIA,,1.25,0.07,5.9322,1.18,1.25,1.25,1.25,2002,2502,1.1,1.25
2026/02/06 16:08:06,01050,嘉利国际,KARRIE INT'L,,2.18,-0.13,-5.6277,2.31,2.3,2.3,2.17,5778000,12863032,2.18,2.19
2026/02/06 16:08:06,01051,国际资源,G-RESOURCES,,11.34,-0.39,-3.32481,11.73,11.73,11.85,11.33,195237,2260782,11.11,11.15
2026/02/06 16:08:06,01052,越秀交通基建,YUEXIUTRANSPORT,,4.72,0.0,0.0,4.72,4.75,4.79,4.66,565162,2668514,4.69,4.72
2026/02/06 16:08:06,01053,重庆钢铁股份,CHONGQING IRON,,1.17,-0.02,-1.68068,1.19,1.18,1.19,1.16,5272000,6209060,1.17,1.18
2026/02/06 16:08:04,01055,中国南方航空股份,CHINA SOUTH AIR,,6.36,-0.14,-2.15384,6.5,6.48,6.53,6.3,20048640,128214099,6.35,6.36
2026/02/06 16:08:06,01057,浙江世宝,ZHEJIANG SHIBAO,,5.54,0.06,1.09489,5.48,5.45,5.82,5.3,16155000,90575020,5.53,5.54
2026/02/06 16:08:06,01058,南粤控股,NAMYUE HOLDINGS,,0.335,0.0,0.0,0.335,0.0,0.0,0.0,0,0,0.285,0.39
2026/02/06 16:08:06,01059,看通集团,KANTONE HOLDING,,0.43,0.005,1.17647,0.425,0.0,0.0,0.0,0,0,0.43,0.44
2026/02/06 16:08:04,01060,大麦娱乐,DAMAI ENT,,0.95,0.0,0.0,0.95,0.94,0.96,0.92,133264138,125932065,0.94,0.95
2026/02/06 16:08:06,01061,亿胜生物科技,ESSEX BIO-TECH,,4.16,-0.01,-0.23981,4.17,4.12,4.16,4.07,193000,794280,4.08,4.16
2026/02/06 16:08:06,01062,国开国际投资,CDB INT'L INV,,0.113,0.003,2.72727,0.11,0.108,0.113,0.107,380000,40940,0.107,0.114
2026/02/06 16:08:06,01063,新确科技,SUNCORP TECH,,0.102,0.005,5.15464,0.097,0.098,0.106,0.098,10230500,1023198,0.102,0.106
2026/02/06 16:08:06,01064,中华国际,ZHONG HUA INT'L,,0.061,0.0,0.0,0.061,0.0,0.0,0.0,0,0,0.06,0.061
2026/02/06 16:08:06,01065,天津创业环保股份,TIANJIN CAPITAL,,4.33,0.01,0.23148,4.32,4.32,4.34,4.29,736000,3178660,4.32,4.33
2026/02/06 16:08:06,01066,威高股份,WEIGAO GROUP,,5.32,-0.06,-1.11524,5.38,5.33,5.36,5.26,16797650,89363374,5.31,5.32
2026/02/06 16:08:06,01068,雨润食品,YURUN FOOD,,0.125,-0.003,-2.34375,0.128,0.128,0.128,0.12,350000,43756,0.123,0.125
2026/02/06 16:08:06,01069,中国健康科技集团,CN HEALTH TECH,,0.425,-0.005,-1.16279,0.43,0.45,0.45,0.42,211960,93094,0.425,0.47
2026/02/06 16:08:04,01070,ＴＣＬ电子,TCL ELECTRONICS,,12.55,0.12,0.96541,12.43,12.43,12.85,12.22,7885900,99488160,12.54,12.55
2026/02/06 16:08:06,01071,华电国际电力股份,HUADIAN POWER,,4.03,0.03,0.75001,4.0,3.98,4.05,3.98,6061784,24397887,4.02,4.03
2026/02/06 16:08:04,01072,东方电气,DONGFANG ELEC,,25.1,-1.78,-6.62202,26.88,26.56,27.2,24.82,22100382,574566980,25.1,25.16
2026/02/06 16:08:06,01073,大禹金融,DA YU FIN,,0.125,0.0,0.0,0.125,0.129,0.129,0.129,235000,30315,0.118,0.125
2026/02/06 16:08:06,01075,首都信息,CAPINFO,,3.05,0.03,0.99338,3.02,2.98,3.09,2.98,225000,682292,3.05,3.08
2026/02/06 16:08:06,01079,松景科技,PINE TECH,,0.31,0.005,1.63935,0.305,0.305,0.32,0.3,764000,233100,0.31,0.315
2026/02/06 16:08:06,01080,胜利管道,SHENGLI PIPE,,0.087,-0.003,-3.33334,0.09,0.094,0.094,0.087,712500,65613,0.087,0.089
2026/02/06 16:08:06,01082,源宇宙教育,BDV EDU INTL,,1.49,0.0,0.0,1.49,1.48,1.49,1.48,724000,1071560,1.46,1.49
2026/02/06 16:08:06,01083,港华智慧能源,TG SMART ENERGY,,3.65,0.01,0.27473,3.64,3.59,3.65,3.59,2187000,7941640,3.64,3.65
2026/02/06 16:08:06,01084,绿新生物科技,GREEN FRESH BIO,,0.63,0.0,0.0,0.63,0.61,0.63,0.61,14000,8700,0.63,0.64
2026/02/06 16:08:06,01085,亨鑫科技,HXTL,,1.51,-0.06,-3.82166,1.57,1.51,1.57,1.49,191400,289822,1.5,1.54
2026/02/06 16:08:06,01086,好孩子国际,GOODBABY INTL,,1.06,-0.03,-2.7523,1.09,1.07,1.08,1.06,1706000,1816420,1.06,1.07
2026/02/06 16:08:06,01087,威讯控股,INVESTECH HLDGS,,1.02,-0.02,-1.92308,1.04,1.02,1.04,1.02,34450,35305,1.0,1.02
2026/02/06 16:08:06,01088,中国神华,CHINA SHENHUA,,42.64,0.36,0.85147,42.28,41.34,42.9,41.32,9460497,400655941,42.58,42.64
2026/02/06 16:08:06,01090,大明国际,DA MING INT'L,,0.84,0.0,0.0,0.84,0.0,0.0,0.0,0,0,0.8,0.84
2026/02/06 16:08:06,01091,南方锰业,SOUTH MANGANESE,,0.475,0.015,3.26087,0.46,0.45,0.48,0.445,11309000,5253310,0.475,0.48
2026/02/06 16:08:06,01093,石药集团,CSPC PHARMA,,9.66,-0.08,-0.82136,9.74,9.53,9.82,9.45,70900366,684377979,9.66,9.68
2026/02/06 16:08:06,01094,承辉国际,CHERISH SUN,,0.295,0.0,0.0,0.295,0.0,0.0,0.0,0,0,0.29,0.345
2026/02/06 16:08:06,01097,有线宽频,I-CABLE COMM,,0.062,0.0,0.0,0.062,0.062,0.064,0.06,2196498,134494,0.061,0.062
2026/02/06 16:08:06,01098,路劲,ROAD KING INFRA,,0.67,0.02,3.07693,0.65,0.67,0.67,0.66,16000,10640,0.66,0.67
2026/02/06 16:08:06,01099,国药控股,SINOPHARM,,21.22,0.0,0.0,21.22,21.22,21.34,21.04,4615141,97784419,21.2,21.22
2026/02/06 16:08:06,01100,飞达控股,MAINLAND HOLD,,1.28,0.01,0.7874,1.27,1.28,1.28,1.28,2000,2560,1.25,1.28
2026/02/06 16:08:06,01101,华荣能源,HUARONG ENERGY,,0.02,0.0,0.0,0.02,0.0,0.0,0.0,0,0,0.0,0.0
2026/02/06 16:08:06,01102,环能国际,ENVIRO ENERGY,,0.044,0.002,4.7619,0.042,0.045,0.045,0.041,862000,36896,0.042,0.044
2026/02/06 16:08:06,01104,亚太资源,APAC RESOURCES,,2.92,0.23,8.55019,2.69,2.73,3.04,2.63,13605143,39095060,2.91,2.94
2026/02/06 16:08:06,01105,星岛,SING TAO,,0.206,-0.003,-1.43541,0.209,0.0,0.0,0.0,0,0,0.192,0.206
2026/02/06 16:08:06,01107,当代置业,MODERN LAND,,0.029,-0.004,-12.12122,0.033,0.029,0.037,0.022,151712000,4216370,0.028,0.029
2026/02/06 16:08:06,01108,凯盛新能,TRIUMPH NEW EN,,3.95,0.05,1.28205,3.9,3.89,3.96,3.81,3908000,15186320,3.93,3.95
2026/02/06 16:08:04,01109,华润置地,CHINA RES LAND,,31.68,-0.32,-1.0,32.0,31.4,32.08,31.4,12962053,410635856,31.64,31.68
2026/02/06 16:08:06,01110,金活医药集团,KINGWORLD,,0.55,0.03,5.76923,0.52,0.53,0.55,0.52,960000,508400,0.52,0.53
2026/02/06 16:08:06,01111,华视集团控股,HUASHI GROUP,,0.26,0.0,0.0,0.26,0.26,0.26,0.26,760000,197600,0.255,0.27
2026/02/06 16:08:06,01112,Ｈ＆Ｈ国际控股,H&H INTL HLDG,,15.7,0.01,0.06373,15.69,15.01,16.26,15.01,1604438,25390394,15.56,15.7
2026/02/06 16:08:06,01113,长实集团,CK ASSET,,45.84,-0.88,-1.88356,46.72,46.32,46.32,45.22,3916529,179098901,45.76,45.84
2026/02/06 16:08:06,01114,BRILLIANCE CHI,BRILLIANCE CHI,,3.94,0.0,0.0,3.94,3.94,3.95,3.86,9809126,38505485,3.92,3.94
2026/02/06 16:08:06,01115,５１００藏冰川,5100 XIZANG,,0.62,0.0,0.0,0.62,0.61,0.63,0.56,28330000,17239000,0.62,0.63
2026/02/06 16:08:06,01116,慧源同创科技,HC TECH GP,,0.3,0.0,0.0,0.3,0.29,0.29,0.29,50000,14600,0.29,0.31
2026/02/06 16:08:06,01117,现代牧业,CH MODERN D,,1.59,0.04,2.58065,1.55,1.55,1.6,1.53,18479000,29054310,1.57,1.59
2026/02/06 16:08:06,01118,高力集团,GOLIK HOLDINGS,,1.28,0.0,0.0,1.28,1.28,1.28,1.28,10000,12800,1.19,1.28
2026/02/06 16:08:04,01119,创梦天地,IDREAMSKY,,0.55,0.0,0.0,0.55,0.55,0.56,0.53,5965200,3235696,0.55,0.56
2026/02/06 16:08:06,01120,雅视光学,ARTS OPTICAL,,0.95,0.0,0.0,0.95,0.0,0.0,0.0,0,0,0.81,1.08
2026/02/06 16:08:04,01121,金阳新能源,GOLDENSOLAR,,1.43,-0.02,-1.37931,1.45,1.4,1.45,1.4,222000,313820,1.4,1.43
2026/02/06 16:08:06,01122,庆铃汽车股份,QINGLING MOTORS,,1.02,-0.05,-4.6729,1.07,1.08,1.08,1.01,2620000,2680340,1.01,1.02
2026/02/06 16:08:06,01123,中港照相,CHINA-HK PHOTO,,0.112,-0.004,-3.44827,0.116,0.115,0.115,0.109,500000,55898,0.112,0.121
2026/02/06 16:08:06,01124,沿海家园,COASTAL GL,,0.174,-0.006,-3.33334,0.18,0.179,0.184,0.172,2320000,413950,0.173,0.18
2026/02/06 16:08:06,01125,丽丰控股,LAI FUNG HOLD,,0.95,0.0,0.0,0.95,0.0,0.0,0.0,0,0,0.93,0.99
2026/02/06 16:08:06,01126,德林国际,DREAM INT'L,,8.42,-0.33,-3.77143,8.75,8.53,8.7,8.39,715505,6099319,8.42,8.43
2026/02/06 16:08:06,01127,狮子山集团,LION ROCK GROUP,,1.34,0.0,0.0,1.34,1.34,1.34,1.34,144000,192960,1.33,1.34
2026/02/06 16:08:06,01128,永利澳门,WYNN MACAU,,6.08,-0.03,-0.491,6.11,6.02,6.08,5.9,4108182,24658120,6.04,6.08
2026/02/06 16:08:06,01129,中国水业集团,WATER INDUSTRY,,0.315,0.0,0.0,0.315,0.315,0.315,0.315,16000,5040,0.315,0.325
2026/02/06 16:08:06,01130,中国环境资源,CHINA ENV RES,,0.55,0.01,1.85185,0.54,0.54,0.56,0.54,180400,98596,0.54,0.55
2026/02/06 16:08:06,01132,橙天嘉禾,ORANGE SKY G H,,0.064,0.0,1e-05,0.064,0.0,0.0,0.0,0,0,0.061,0.067
2026/02/06 16:08:06,01133,哈尔滨电气,HARBIN ELECTRIC,,19.08,-0.18,-0.93458,19.26,19.12,19.99,18.5,9304900,180428433,19.07,19.14
2026/02/06 16:08:06,01134,恒发光学,KELFRED,,0.242,0.008,3.4188,0.234,0.234,0.242,0.234,176000,42016,0.234,0.249
2026/02/06 16:08:06,01137,香港科技探索,HK TECH VENTURE,,1.42,-0.01,-0.6993,1.43,1.43,1.43,1.4,353000,497250,1.4,1.42
2026/02/06 16:08:04,01138,中远海能,COSCO SHIP ENGY,,14.8,-0.12,-0.80429,14.92,14.7,14.92,14.42,8286019,122054490,14.76,14.8
2026/02/06 16:08:06,01140,华科智能投资,WEALTHINK AI,,0.179,0.005,2.87357,0.174,0.172,0.179,0.17,392000,67052,0.166,0.179
2026/02/06 16:08:06,01141,民银资本,CMBC CAPITAL,,1.4,0.03,2.18978,1.37,1.34,1.41,1.31,1844050,2539127,1.39,1.4
2026/02/06 16:08:04,01142,能源及能量环球,E&P GLOBAL,,0.156,-0.01,-6.02409,0.166,0.166,0.166,0.154,80106000,12628610,0.156,0.157
2026/02/06 16:08:06,01143,中国储能科技发展,CN ENGY STORAGE,,0.39,0.0,0.0,0.39,0.0,0.0,0.0,0,0,0.0,0.0
2026/02/06 16:08:06,01145,勇利投资,COURAGE INV,,0.158,0.0,1e-05,0.158,0.16,0.16,0.16,20000,3200,0.156,0.158
2026/02/06 16:08:06,01146,汇成国际控股,HUICHENG INTL H,,0.045,0.001,2.27273,0.044,0.044,0.047,0.043,1424000,63040,0.042,0.045
2026/02/06 16:08:06,01147,伊登软件,EDENSOFT,,0.149,0.004,2.75862,0.145,0.147,0.149,0.14,870000,124290,0.142,0.15
2026/02/06 16:08:06,01148,新晨动力,POWER XINCHEN,,0.325,0.0,0.0,0.325,0.325,0.325,0.32,157000,50665,0.32,0.325
2026/02/06 16:08:06,01150,米兰站,MILAN STATION,,0.164,-0.001,-0.60606,0.165,0.158,0.164,0.151,1004000,159306,0.156,0.164
2026/02/06 16:08:06,01152,正乾金融控股,MOMENTUM FIN,,0.25,-0.005,-1.96078,0.255,0.255,0.26,0.25,596000,151880,0.25,0.26
2026/02/06 16:08:06,01153,佳源服务,JIAYUAN SER,,0.395,0.015,3.94737,0.38,0.39,0.395,0.39,3000,1175,0.39,0.4
2026/02/06 16:08:06,01156,CHINANEWENERGY,CHINANEWENERGY,,0.208,0.0,0.0,0.208,0.208,0.208,0.201,188000,37992,0.201,0.208
2026/02/06 16:08:06,01157,中联重科,ZOOMLION,,9.23,-0.06,-0.64586,9.29,9.25,9.33,9.12,8868708,81875075,9.23,9.25
2026/02/06 16:08:06,01159,智数科技集团,SMART DIGI TECH,,2.15,0.02,0.93897,2.13,2.13,2.15,2.13,50000,107220,2.01,2.15
2026/02/06 16:08:06,01160,金石资本集团,GOLDSTONE CAP,,0.41,0.0,0.0,0.41,0.0,0.0,0.0,0,0,0.0,1.5
2026/02/06 16:08:06,01161,奥思集团,WATER OASIS GP,,0.92,-0.02,-2.12766,0.94,0.92,0.92,0.92,52000,47840,0.92,0.94
2026/02/06 16:08:06,01162,莹岚集团,LUMINA GROUP,,0.183,0.001,0.54945,0.182,0.184,0.184,0.173,8528000,1504968,0.174,0.184
2026/02/06 16:08:06,01163,虎视传媒,ADTIGER CORP,,0.165,0.0,0.0,0.165,0.0,0.0,0.0,0,0,0.16,0.175
2026/02/06 16:08:06,01164,中广核矿业,CGN MINING,,4.18,-0.19,-4.34783,4.37,4.22,4.29,4.01,73544180,306039730,4.18,4.19
2026/02/06 16:08:06,01165,顺风清洁能源,SFCE,,0.024,0.0,0.0,0.024,0.0,0.0,0.0,0,0,0.0,0.0
2026/02/06 16:08:06,01166,星凯控股,SOLARTECH INT'L,,0.77,-0.01,-1.28205,0.78,0.77,0.77,0.77,1200000,924000,0.69,0.77
2026/02/06 16:08:06,01167,加科思－Ｂ,JACOBIO-B,,5.97,0.26,4.55341,5.71,5.66,6.14,5.49,4394659,26182869,5.97,6.02
2026/02/06 16:08:06,01168,Z FIN,Z FIN,,4.0,0.0,0.0,4.0,0.0,0.0,0.0,5,18,3.9,4.14
2026/02/06 16:08:06,01170,信星集团,KINGMAKER,,0.495,-0.005,-1.0,0.5,0.495,0.495,0.49,234000,114800,0.495,0.5
2026/02/06 16:08:06,01171,兖矿能源,YANKUANG ENERGY,,12.3,-0.04,-0.32415,12.34,11.98,12.41,11.88,32541919,397893914,12.29,12.3
2026/02/06 16:08:06,01172,融太集团,MAGNUSCONCORDIA,,0.025,0.0,0.0,0.025,0.025,0.026,0.025,100000,2520,0.023,0.025
2026/02/06 16:08:06,01173,威高国际,VEEKO INT'L,,0.037,0.0,0.0,0.037,0.0,0.0,0.0,0,0,0.034,0.037
2026/02/06 16:08:06,01176,珠光控股,ZHUGUANG HOLD,,0.039,-0.002,-4.87805,0.041,0.041,0.041,0.039,1224000,48274,0.039,0.04
2026/02/06 16:08:06,01177,中国生物制药,SINO BIOPHARM,,6.48,0.05,0.77761,6.43,6.29,6.5,6.26,56932493,364902308,6.47,6.48
2026/02/06 16:08:04,01179,华住集团－Ｓ,HWORLD-S,,40.16,1.66,4.31169,38.5,39.0,40.18,38.92,3197551,126995279,40.16,40.18
2026/02/06 16:08:06,01180,汇彩控股,PARADISE ENT,,0.61,0.0,0.0,0.61,0.61,0.62,0.61,352500,215365,0.61,0.62
2026/02/06 16:08:06,01181,唐宫中国,TANG PALACE,,0.199,0.001,0.50505,0.198,0.199,0.199,0.199,2000,398,0.191,0.199
2026/02/06 16:08:06,01182,胜龙国际,SUCCESS DRAGON,,0.8,0.0,0.0,0.8,0.8,0.8,0.77,40000,31550,0.8,0.85
2026/02/06 16:08:06,01183,澳能建设,MECOM POWER,,0.16,-0.001,-0.62112,0.161,0.159,0.164,0.157,519750,83788,0.158,0.16
2026/02/06 16:08:06,01184,S.A.S. DRAGON,S.A.S. DRAGON,,4.71,0.07,1.50862,4.64,4.69,4.72,4.69,42000,197400,4.66,4.71
2026/02/06 16:08:06,01186,中国铁建,CHINA RAIL CONS,,5.39,0.0,0.0,5.39,5.39,5.4,5.35,8781851,47128126,5.37,5.39
2026/02/06 16:08:06,01188,正道集团,HYBRID KINETIC,,0.012,0.0,0.0,0.012,0.0,0.0,0.0,0,0,0.0,0.0
2026/02/06 16:08:06,01189,大湾区聚变力量,GBA DYNAMIC,,0.048,0.0,0.0,0.048,0.0,0.0,0.0,0,0,0.0,0.0
2026/02/06 16:08:06,01193,华润燃气,CHINA RES GAS,,21.64,0.0,0.0,21.64,21.7,21.74,21.42,1316514,28487866,21.62,21.64
2026/02/06 16:08:06,01195,京维集团,KINGWELL GROUP,,0.026,0.0,0.0,0.026,0.026,0.026,0.026,5778,150,0.022,0.026
2026/02/06 16:08:04,01196,伟禄集团,REALORD GROUP,,17.52,1.74,11.02662,15.78,15.78,18.34,15.38,12511000,219848160,17.52,17.56
2026/02/06 16:08:06,01198,皇朝家居,ROYALE HOME,,0.14,0.001,0.71943,0.139,0.139,0.14,0.139,474000,66310,0.12,0.14
2026/02/06 16:08:06,01199,中远海运港口,COSCO SHIP PORT,,6.1,-0.08,-1.2945,6.18,6.17,6.17,6.03,3678000,22324010,6.08,6.1
2026/02/06 16:08:06,01200,美联集团,MIDLAND HOLDING,,3.14,-0.05,-1.5674,3.19,3.14,3.24,3.08,2021328,6435896,3.14,3.18
2026/02/06 16:08:06,01201,天臣控股,TESSON HOLDINGS,,2.84,0.02,0.70922,2.82,2.82,2.86,2.82,114000,324750,2.82,2.86
2026/02/06 16:08:06,01202,四威科技,SIWI SCI & TECH,,1.14,0.04,3.63636,1.1,1.14,1.19,1.09,74000,82940,1.09,1.15
2026/02/06 16:08:06,01203,广南（集团）,GUANGNAN (HOLD),,0.84,0.0,0.0,0.84,0.84,0.84,0.82,164000,136640,0.83,0.84
2026/02/06 16:08:06,01204,博维智慧,BOARDWARE INTEL,,1.9,0.0,0.0,1.9,0.0,0.0,0.0,0,0,1.31,2.02
2026/02/06 16:08:06,01205,中信资源,CITIC RESOURCES,,0.49,-0.005,-1.0101,0.495,0.485,0.5,0.485,4480000,2207690,0.49,0.495
2026/02/06 16:08:06,01206,同方泰德,TECHNOVATOR,,0.37,0.0,0.0,0.37,0.37,0.37,0.37,14000,5180,0.365,0.37
2026/02/06 16:08:06,01208,五矿资源,MMG,,9.6,-0.31,-3.12815,9.91,9.39,9.8,9.22,82288866,789151599,9.59,9.6
2026/02/06 16:08:06,01209,华润万象生活,CHINA RES MIXC,,46.36,-1.04,-2.19409,47.4,47.2,47.48,46.2,3645661,169514737,46.28,46.36
2026/02/06 16:08:06,01211,比亚迪股份,BYD COMPANY,,92.3,1.05,1.15069,91.25,89.8,94.15,89.8,28762257,2655259741,92.25,92.3
2026/02/06 16:08:06,01213,万保刚集团,MOBICON GROUP,,0.51,0.0,0.0,0.51,0.0,0.0,0.0,0,0,0.405,0.51
2026/02/06 16:08:06,01215,开源控股,KAI YUAN HLDGS,,0.023,-0.001,-4.16667,0.024,0.023,0.024,0.022,5140000,113260,0.022,0.023
2026/02/06 16:08:06,01216,中原银行,ZYBANK,,0.33,0.0,0.0,0.33,0.33,0.335,0.325,398000,131410,0.33,0.335
2026/02/06 16:08:06,01217,中国创新投资,CH INNOVATION,,0.013,0.0,0.0,0.013,0.013,0.013,0.013,2440000,31720,0.012,0.013
2026/02/06 16:08:06,01218,永义国际,EASYKNIT INT'L,,3.1,0.0,0.0,3.1,0.0,0.0,0.0,4,11,2.82,3.1
2026/02/06 16:08:06,01220,志道国际,ZHIDAO INT'L,,0.056,0.0,0.0,0.056,0.0,0.0,0.0,0,0,0.0,0.0
2026/02/06 16:08:06,01221,SINO HOTELS,SINO HOTELS,,1.5,0.0,0.0,1.5,1.5,1.5,1.5,4422,6620,1.5,1.53
2026/02/06 16:08:06,01222,WANG ON GROUP,WANG ON GROUP,,0.024,0.0,0.0,0.024,0.023,0.024,0.022,10860014,251600,0.023,0.024
2026/02/06 16:08:06,01223,新沣集团,SYMPHONY HOLD,,1.47,0.0,0.0,1.47,1.46,1.49,1.46,1390000,2043400,1.46,1.48
2026/02/06 16:08:06,01224,中渝置地,C C LAND,,1.2,0.01,0.84034,1.19,1.2,1.2,1.2,2000,2400,1.2,1.4
2026/02/06 16:08:06,01225,隆成金融,LERADO FIN,,0.211,-0.001,-0.4717,0.212,0.0,0.0,0.0,0,0,0.185,0.211
2026/02/06 16:08:06,01226,中国投融资,CH INV FIN GP,,0.79,0.09,12.85715,0.7,0.78,0.79,0.78,80000,63000,0.72,0.85
2026/02/06 16:08:06,01228,北海康成－Ｂ,CANBRIDGE-B,,3.09,-0.06,-1.90477,3.15,3.15,3.27,2.96,9279000,29058290,3.01,3.09
2026/02/06 16:08:06,01229,南南资源,NAN NAN RES,,0.206,0.001,0.48781,0.205,0.203,0.206,0.195,280000,55434,0.198,0.209
2026/02/06 16:08:06,01231,新矿资源,NEWTON RES,,0.305,0.0,0.0,0.305,0.0,0.0,0.0,0,0,0.3,0.315
2026/02/06 16:08:06,01232,金轮天地控股,GW TIANDI,,0.405,0.0,0.0,0.405,0.0,0.0,0.0,0,0,0.32,0.405
